2850 4817
526 316 606 431 3⁶
805 355 883 413 D.
926 354 1023 413 W.
1049 352 1459 445 ,ᾼΝιΜΑΒἏ
1500 354 1592 413 IN
1630 353 2098 429 PLUTARcm
2139 353 2299 415 Lm.

526 514 583 579 1.
617 532 691 581 21
706 561 722 581 .
749 514 1019 602 succidet
1043 512 1304 605 antique
1337 513 1585 579 dictum
1620 512 1940 601 intelliget
1978 534 2095 600 pro
2116 512 2415 599 succedet,
2438 512 2613 601 sub-

523 614 653 697 ibit,
699 616 1094 681 adsentiente
1135 638 1266 695 me,
1311 615 1713 681 dissentiente
1742 613 2070 681 Gronovio
2106 612 2190 679 ad
2234 612 2410 681 Gell.
2448 614 2496 681 l.
2538 639 2615 681 c.

521 718 824 783 Addatur
852 718 1065 783 Festus
1093 716 1159 782 in
1186 714 1481 801 Edera'qn.
1564 716 1989 804 Pythagorica
2028 716 2321 803 symbola
2347 718 2611 781 notavi-

523 842 674 885 mus
705 820 948 887 Quaest.
982 822 1173 886 Rom.
1201 820 1309 901 οβ’.
1340 842 1408 908 p.
1443 822 1593 889 281.
1625 821 1715 885 Α..
1781 819 2057 885 Educat.
2092 819 2337 906 Lib.p.
2374 839 2479 887 12.
2508 820 2611 901 D.

521 921 708 1009 Σάρον
754 926 832 1006 μὴ
880 921 1240 1008 ὑπερβαίνειν,
1282 921 1459 1010 quod
1506 922 1691 1009 supra
1738 920 2029 987 nondum
2078 920 2427 987 habuimus
2446 969 2465 986 .
2516 922 2615 987 est

518 1024 700 1111 'apud
744 1024 1162 1123 Plutarchum
1207 1024 1506 1113 Sympos.
1552 1026 1744 1091 VIII.
1793 1041 1857 1109 7.
1897 1043 1966 1109 p.
2013 1039 2165 1107 727.
2216 1022 2299 1087 C.
2344 1045 2467 1087 nec
2508 1022 2615 1088 bis

522 1125 762 1192 librarii
791 1118 1003 1193 errore
1030 1150 1110 1192 ex
1138 1129 1302 1214 ζυγὸν
1337 1141 1567 1193 natum
1608 1140 1875 1214 putem3
1922 1146 2317 1213 quamquam
2360 1126 2448 1189 est
2482 1124 2619 1191 fre-

525 1251 728 1316 quens
778 1229 1169 1317 Symbolum
1229 1232 1394 1315 ζυγόν
1450 1234 1527 1313 μὴ
1590 1228 1953 1316 ὑπερβαίνειν.
2042 1229 2129 1292 Et
2176 1228 2496 1293 Meurfius
2539 1228 2613 1291 in

448 1400 464 1415 .
526 1332 782 1398 Graecia
824 1332 1076 1399 Feriata
1115 1335 1172 1397 I.
1219 1353 1288 1420 p.
1331 1354 1399 1418 3.
1446 1332 1573 1397 hoc
1615 1331 1763 1399 loco
1804 1330 2111 1417 Ἀγριῶνια
2152 1330 2611 1419 corrigendum

523 1434 803 1500 monuit.
851 1434 1162 1500 Meminit
1185 1446 1258 1501 et
1286 1433 1666 1499 Plutarchus
1696 1434 1932 1522 Quaest.
1966 1435 2084 1498 Gr.
2115 1430 2227 1510 λη’.
2256 1454 2319 1519 p.
2353 1450 2507 1519 299.
2534 1435 2611 1513 F.

526 1537 822 1624 Sympos.
864 1537 1058 1605 VIII.
1100 1559 1168 1624 p.
1214 1538 1366 1622 716.
1409 1540 1497 1603 Fz
1543 1538 1672 1621 παρ’
1714 1541 1838 1619 ἡμῖν
1878 1539 1933 1599 ἐν
1968 1538 2083 1611 τοῖς
2107 1534 2477 1622 Ἀγρωνίοιςχ
2500 1532 2615 1601 sed

525 1638 752 1705 eadem
792 1639 1000 1704 forma
1046 1637 1338 1705 Bacchus
1389 1637 1628 1703 dicitur
1663 1638 1983 1725 Ἀγριῶνιος
2025 1636 2095 1702 in
2144 1635 2485 1701 Demetrio
2532 1656 2607 1721 p.

527 1744 679 1829 926.
711 1740 798 1805 A.
869 1740 1164 1807 Νυκτέλια
1199 1742 1374 1817 sacra
1400 1740 1549 1805 sunt
1575 1740 1643 1805 in
1671 1740 1909 1828 Quaest.
1941 1741 2060 1805 Gr.
2091 1737 2202 1821 κζ’.
2232 1760 2300 1826 p.
2333 1758 2481 1827 299.
2512 1738 2609 1803 D.

527 1855 596 1907 et
630 1842 724 1907 ita
759 1841 1213 1931 corrigendum
1257 1842 1324 1906 in
1370 1842 1515 1907 Ifid.
1555 1853 1622 1906 et
1660 1840 1816 1907 Ofir.
1852 1862 1919 1927 p.
1948 1841 2100 1925 364.
2135 1840 2208 1903 F.
2239 1860 2357 1925 pro
2385 1840 2481 1919 νὺξ·
2506 1838 2611 1905 τέ-

527 1960 694 2009 λειαι
743 1944 1058 2032 templum
1102 1943 1369 2009 Διονύσου
1411 1942 1727 2009 Νυκτελίου
1768 1942 1838 2007 in
1882 1941 2108 2007 Attica
2131 1939 2347 2027 prodit
2378 1941 2610 2026 Pausa-

527 2045 666 2111 nias
697 2048 751 2110 Ι.
778 2064 902 2127 40.
916 2066 982 2133 p.
1011 2061 1120 2133 97.
1186 2045 1341 2112 Vid.
1378 2044 1607 2132 Steph.
1645 2042 1831 2110 Thes.
1858 2044 1941 2109 T.
1973 2044 2066 2107 II.
2099 2064 2169 2129 p.
2204 2061 2392 2110 1102.
2465 2037 2611 2107 He-

527 2144 784 2234 sychius
831 2140 897 2210 iri
944 2149 1252 2211 Νυκτελεῖν
1293 2145 1514 2233 ibique
1560 2146 1883 2211 Kusterus.
1971 2144 2077 2208 De
2121 2142 2377 2209 hederae
2421 2140 2484 2206 vi
2524 2140 2615 2207 ad

527 2260 817 2311 mentem
861 2246 1269 2327 turbandam,
1308 2246 1591 2335 appofite
1635 2245 2015 2326 Plutarchus
2046 2243 2343 2333 Sympos.
2380 2244 2509 2309 ΙΙΙ.
2548 2262 2613 2315 2.

528 2368 596 2434 1>-
629 2349 776 2432 649·
809 2348 900 2412 A·

615 2468 684 2533 p.
717 2465 866 2532 291.
894 2446 972 2510 B.
1001 2445 1139 2533 ριγ’.
1123 2448 1169 2533 .]
1221 2445 1603 2537 singularia,
1630 2458 1708 2512 ut
1748 2461 1936 2537 pum,
1964 2445 2163 2537 hujus
2198 2446 2290 2513 rei
2317 2445 2611 2511 mentiO.

530 2549 974 2660 consequentis
1000 2562 1221 2614 tamen
1249 2551 1499 2617 caeteris
1530 2550 1830 2617 Flaminis
1856 2551 2067 2616 Dialis
2095 2549 2509 2617 muneribusz
2543 2559 2615 2613 et

530 2650 936 2753 conjunctae
933 2674 1085 2739 cum
1124 2651 1490 2740 Quaestione
1526 2642 1647 2737 ’μ,’δ’.
1684 2653 1797 2719 ubi
1827 2652 2161 2721 videantur
2184 2675 2331 2740 quae
2361 2650 2613 2715 notavi·
2684 2644 2691 2651 ’

449 2786 458 2797 ·
531 2776 726 2823 111115.
791 2730 1206 2839 Hippocratis
1235 2753 1483 2819 dicium
1512 2754 1747 2819 exstat
1728 2776 1796 2818 111
1822 2754 2081 2820 exordio
2107 2753 2255 2820 libri
2283 2756 2389 2819 De
2413 2751 2613 2818 Flati-

533 2856 660 2921 bus
686 2877 754 2942 p.
790 2868 958 2941 295.
1007 2859 1034 2918 6
1071 2856 1174 2938 μὲν
1209 2859 1372 2943 γάρί
1355 2858 1530 2943 ιητρός
1559 2855 1690 2943 ὁρέει
1719 2861 1794 2921 τοὶ
1822 2858 1989 2937 δεινοὶ,
2019 2855 2269 2943 θιγγάνει
2296 2880 2361 2918 τε
2386 2852 2617 2933 ἀηδέων,

533 2959 680 3023 καῖ’
659 2960 740 3023 π’
769 2954 1098 3044 ἀλλοτρίῃσι
1127 2961 1461 3045 ξυμφορῇσιν
1490 2959 1625 3033 ιδίας
1652 2965 1961 3047 καρποῦται
1992 2958 2192 3033 λύπας.
2250 2957 2487 3024 Festive
2500 2978 2616 3021 ac·-

535 3058 912 3125 commodat
939 3059 1309 3147 AEsculapio
1338 3060 1664 3127 Lucianus
1693 3060 1759 3125 in
1788 3061 1900 3126 Bis
1928 3060 2274 3140 Accusato‚
2310 3079 2369 3124 1.
2398 3060 2484 3125 T.
2520 3059 2616 3124 ΙΙ.

532 3184 601 3249 Ρ.
632 3178 754 3257 793
784 3188 801 3227 z
846 3167 873 3225 6
894 3164 999 3246 μὲν
1019 3166 1135 3249 γὰρ
1159 3164 1501 3243 Ἀσκληπιὸς
1528 3168 1628 3229 ὑπὸ
1655 3174 1765 3229 τῶν
1790 3165 2081 3229 νοσούντων
2108 3163 2493 3251 ἐνόχλούμενος
2521 3166 2615 3249 ὁρῇ

532 3290 596 3329 τε
647 3266 813 3345 δεινοὶ,
858 3264 1124 3349 θιγγάνει.
1151 3290 1213 3328 τε
1254 3264 1480 3345 ἀηδέων,
1525 3268 1607 3356 ᾇτ’
1652 3265 1985 3354 ἀλλοτρίῃσί
2022 3291 2086 3329 τε
2128 3269 2430 3355 συμφοραῖς
2476 3262 2615 3340 ἰδίας

533 3372 841 3454 καρποῦται
895 3364 1098 3441 λύπας.
1184 3366 1479 3443 Graviter
1528 3367 1608 3432 ad
1656 3368 1977 3457 principes
2028 3367 2361 3434 civitatum
2416 3366 2618 3432 refert

536 3466 905 3555 Simplicius
932 3465 1000 3533 in
1021 3467 1308 3554 EpiGoet.
1342 3490 1410 3557 p.
1446 3488 1569 3539 212
1594 3494 1613 3535 2
1660 3471 1755 3551 καὶ
1786 3470 1913 3559 ὅπερ
1944 3470 2361 3558 ὁἹππ-οκροίτης
2388 3469 2474 3533 ἐπὶ
2503 3476 2615 3533 τῶν

391 3632 406 3638 -
451 3600 496 3669 ὀ
535 3574 736 3653 ίατρῶν
762 3568 925 3651 εἶπεν,
957 3576 1116 3634 τοῦτο
1146 3571 1242 3635 καὶ
1281 3573 1367 3635 ἐπὶ
1403 3580 1512 3636 τῶν
1550 3570 1837 3660 ἀρχόντων
1876 3574 1998 3636 ἰδεῖν
2036 3573 2157 3637 ἐστὶ
2190 3569 2610 3659 δαψιλέστερον·

533 3675 615 3737 ὄπ’
647 3670 971 3757 ἀλλοτρίαις
997 3677 1114 3760 γὰρ
1141 3677 1442 3761 ξυμφοραῖς
1473 3674 1608 3749 ἰδίας
1636 3682 1969 3761 καρποῦνται
1996 3674 2289 3749 λύτας--.-
2364 3674 2620 3759 Grego-

534 3773 668 3839 rius
691 3776 864 3839 Naz.
896 3776 1010 3841 Or.
1045 3777 1100 3839 I.
1129 3798 1198 3863 p.
1225 3796 1328 3845 12.
1350 3778 1418 3841 D
1443 3801 1460 3841 ε
1496 3776 1618 3840 εἶτα
1647 3783 1695 3841 οἶ
1719 3778 1821 3859 μὲν
1847 3786 1955 3841 τῶν
1984 3777 2259 3860 σωμάτων
2292 3775 2615 3863 θεραπευταὶ

532 3877 720 3954 πόνους
746 3904 808 3941 τε
837 3880 932 3943 καὶ
960 3879 1268 3965 ἀγρυπνίας
1298 3880 1395 3944 καὶ
1424 3877 1731 3967 φροντίδας,
1759 3878 1824 3955 ἃς
1850 3878 2013 3965 ἴσμεν
2052 3878 2289 3965 ἕξουσιν,
2313 3879 2409 3943 καὶ
2435 3878 2503 3942 τὸ
2530 3880 2614 3943 ἔπ’

533 3979 858 4066 ἀλλοτρίαις
884 3987 1188 4069 συμφοραῖς
1223 3982 1358 4057 ἰδίας
1386 3983 1727 4069 καρποῦσθαι
1753 3982 1957 4062 λύπας,
1997 3984 2069 4058 ὥς
2100 3980 2195 4065 ἔφη
2236 4006 2319 4056 τις
2349 3989 2456 4043 τῶν
2481 3977 2615 4066 παρ’

535 4084 750 4160 ἐκείνοις
791 4093 1080 4170 σοφῶν-.
1167 4084 1508 4153 Adhibent
1547 4097 1616 4151 et
1650 4084 2020 4150 Eustatbius
2056 4084 2139 4149 ad
2186 4082 2371 4149 Iliad.
2411 4086 2494 4168 Τ.
2533 4103 2609 4168 p.

423 4188 430 4199 “
542 4186 744 4283 1108.
776 4186 887 4251 fin.
934 4186 1071 4251 vult
1102 4186 1373 4253 ductum
1411 4186 1533 4253 effe
1576 4211 1654 4253 ex
1696 4186 2351 4255 Homerico-’Am
2390 4183 2479 4263 τίη
2524 4190 2617 4247 νῦν

537 4286 688 4364 οὗτος
723 4288 962 4364 ἀναίτιος
999 4287 1193 4376 ἄλγεα
1231 4288 1479 4377 πάσχει,
1519 4294 1681 4371 Μοὶψ
1720 4289 1880 4357 ἕνεκα
1913 4288 2230 4379 ἀλλοτρίων
2270 4286 2483 4377 ἀχίων·
2530 4284 2615 4351 fic
