2850 4817
604 284 686 400 32>
790 324 797 330 ·
889 323 966 382 n.
1006 319 1102 380 w.
1146 320 1540 381 ANIMADV.
1582 320 1673 379 IN
1712 290 2178 379 PLU'rARcm
2218 317 2375 376 mn.

694 483 843 567 269.
875 484 966 547 E.
985 479 1115 565 κε’.]
1151 479 1475 567 Cujusque
1504 479 1729 544 meniis
1756 478 1892 543 dies
1918 476 2028 565 qui
2058 474 2525 564 sunt-postridie
2550 476 2677 541 Ca·

605 583 841 662 lendas,
900 580 1129 659 Nonas,
1179 580 1346 659 Idus,
1397 593 1571 645 atros
1626 579 1831 646 ἆίἃοε
1888 577 2290 665 habitosque,
2339 590 2679 665 propterea

604 684 780 774 quod
830 682 908 747 iis
958 682 1184 769 proelio
1235 681 1588 768 respublica
1640 680 1809 744 male
1862 681 2035 767 gesta
2082 678 2259 759 effet,
2312 701 2391 743 ex
2437 677 2675 744 Verrio

609 785 840 852 Flacco
863 783 1057 849 refert
1082 782 1330 849 Gellius
1359 784 1444 848 V.
1473 800 1574 867 17.
1604 792 1886 869 quocum
1913 779 2387 866 comparandus
2406 782 2673 845 Macro·-

603 888 749 954 bius
793 887 930 950 Sat.
972 886 1029 948 I.
1075 886 1175 949 16.
1208 906 1272 970 p.
1307 886 1456 967 267.
1511 883 1740 950 Paulus
1784 906 1861 947 ex
1896 884 2073 949 Festo
2114 876 2302 948 Voc.-
2329 882 2671 947 Nonarum.

605 989 858 1056 Diserte'
886 985 1151 1052 Ovidius
1181 986 1338 1051 Fast.
1364 987 1437 1073 I..
1443 1002 1482 1071 5
1486 1000 1526 1071 5
1550 1010 1566 1051 :
1623 985 1906 1050 Vindicat
1932 984 2227 1072 Atfimias
2250 983 2503 1049 Junonis
2531 1006 2678 1047 cura

609 1090 934 1165 Calauios,
966 1086 1186 1151 Idibus.
1213 1087 1360 1151 alba
1386 1086 1532 1151 Jovi
1564 1085 1863 1174 grandior
1895 1110 2061 1173 agna
2088 1086 2272 1149 cadit.
2363 1079 2677 1149 Nouariam

605 1191 794 1256 tutela
835 1191 964 1253 Deo
1009 1199 1194 1252 caret.
1288 1187 1572 1252 Omnibus
1613 1186 1755 1273 illis,
1791 1186 1887 1250 Ne
1903 1185 2153 1272 fallare
2186 1210 2335 1251 cave
2370 1186 2678 1275 proximus

603 1303 738 1357 ater
763 1292 898 1355 erit.
959 1289 1145 1355 Omen
1172 1291 1248 1356 ab
1277 1302 1495 1355 eventu
1522 1289 1635 1377 ςβε
1663 1289 1787 1354 illis
1815 1312 1957 1354 nam
1978 1290 2180 1354 Roma
2196 1288 2402 1352 diebus
2424 1289 2677 1353 Damna

583 1393 709 1483 sub
739 1394 986 1482 adverjlb
1019 1391 1206 1479 trstia
1239 1394 1453 1457 Marte
1479 1392 1641 1457 tulit.
1712 1392 1817 1457 De
1840 1390 2156 1473 Νουμηνίας
2184 1391 2339 1455 festo
2380 1391 2675 1455 omnium

601 1496 892 1561 Deorum
933 1495 1188 1582 copiose
1232 1494 1459 1560 docuit
1497 1498 1560 1561 J.
1594 1473 1911 1559 Meurfius
1956 1495 2166 1563 Graec.
2213 1491 2445 1557 Feriat.
2479 1493 2568 1557 V.
2603 1512 2673 1578 p.

609 1615 758 1666 211.
790 1599 986 1662 Tres
1024 1596 1488 1661 celebrantur·
1472 1620 1537 1661 m
1571 1594 1893 1661 Conviviis
1928 1608 2223 1660 crateres.
2298 1592 2678 1660 Scholiastes

525 1748 530 1753 -
606 1698 674 1764 in
701 1698 980 1775 Platonis
1013 1697 1258 1764 Phileb.
1291 1722 1351 1785 p.
1382 1717 1501 1784 43:
1552 1702 1881 1786 Ἐκιςϋῶντο
1909 1702 2079 1785 γὰρ’
2057 1723 2109 1761 εν
2136 1701 2310 1760 αὐταῖ
2289 1724 2331 1771 ις
2364 1698 2514 1780 (ταῖς
2538 1720 2674 1759 συν-
2694 1727 2699 1735 ·

605 1798 840 1883 οὐσίαις)
888 1806 1152 1890 κρατῆρες
1191 1804 1312 1889 τςεῖ
1311 1824 1354 1875 ς·
1403 1801 1499 1863 καὶ
1539 1802 1631 1863 τὸν
1669 1801 1771 1882 μὲν
1811 1808 2021 1887 πρῶτον
2056 1801 2189 1873 Διὸς
2222 1798 2537 1881 Ὀλυμπίου
2575 1799 2674 1861 καὶ

607 1902 734 1966 θεῶν
757 1903 1146 1987 Ὀλυμπίων”
1118 1920 1332 1990 ελεγον,
1361 1906 1455 1967 τὸν
1484 1904 1539 1966 δὲ
1566 1902 1855 1989 ὃεῦτεςον’
1832 1902 2037 1989 ηρῶων,
2063 1904 2157 1965 τὸν
2184 1903 2239 1964 δὲ
2264 1898 2463 1988 τρίτον
2476 1899 2677 1978 Σωτῆ-

604 2029 715 2090 ρος.
805 2008 972 2069 Item
1002 2005 1375 2071 Scholiastes
1404 2002 1656 2069 Pindari
1690 2004 1909 2069 Isthm.
1935 2003 2061 2067 VI.
2110 2023 2210 2068 10.
2297 2002 2449 2067 Alia
2474 2002 2670 2066 etiam

605 2105 992 2173 doffiffimus
1034 2107 1364 2173 Leisnerus
1400 2105 1483 2172 ad
1511 2109 1589 2172 L.
1620 2105 1785 2171 Bofii
1812 2105 2087 2193 Antiqu.
2120 2108 2239 2171 Gr.
2274 2107 2391 2171 IV.
2428 2124 2530 2187 1-4,
2570 2125 2672 2169 11.

609 2205 1092 2296 Argumentum
1138 2196 1644 2275 Arithmeticum
1690 2207 1771 2271 de
1813 2198 1977 2295 paris
2012 2220 2081 2273 et
2118 2206 2379 2293 imparis
2424 2207 2676 2274 numeri

482 2382 488 2389 ⁸
607 2306 965 2374 differentia
1007 2309 1344 2398 attigimus
1373 2310 1559 2395 supra
1583 2330 1650 2395 p.
1680 2310 1832 2391 264.
1864 2310 1951 2373 A.
1984 2308 2221 2396 Quaest.
2253 2310 2441 2373 Rom.
2470 2310 2535 2387 β.
2567 2306 2673 2371 cui

608 2409 1010 2475 annotationi
1037 2409 1439 2475 adhibendus
1466 2411 1553 2475 est
1583 2407 1745 2473 alius
1776 2409 1955 2474 locus
1998 2430 2064 2495 p.
2110 2409 2257 2475 288.
2300 2407 2382 2472 C.
2430 2407 2669 2495 Quaest.

609 2511 801 2576 Rom.
847 2511 938 2598 [ιβ’
963 2537 978 2575 =
1032 2512 1097 2577 in
1142 2512 1365 2599 primis
1408 2512 1521 2599 qui
1565 2511 1720 2590 falso
1766 2511 2090 2577 Plutarchi
2132 2510 2393 2577 nomine
2442 2511 2670 2589 fertur,

607 2610 869 2706 scriptor
893 2616 997 2680 De
1029 2614 1185 2681 Vita
1215 2615 1490 2679 Homeri
1518 2615 1681 2702 Cap.
1709 2616 1978 2681 CXLV.
2006 2616 2227 2680 nostrae
2246 2612 2567 2695 editionis,
2592 2636 2673 2679 ex

610 2713 1039 2802 Pythagorica
1066 2715 1356 2782 doctrina
1385 2715 1648 2796 docem,
1676 2722 1769 2784 τὸν
1793 2718 1894 2798 μὲν
1930 2714 2113 2805 §graev
2152 2720 2301 2780 ἐνὸεᾶ
2336 2717 2431 2779 καὶ
2472 2721 2670 2797 ἀτελῆ,

603 2818 699 2881 τὸν
743 2818 799 2881 δὲ
845 2820 1100 2904 περισσὸν
1144 2818 1322 2907 πλῆςη
1371 2820 1469 2881 καὶ
1509 2818 1712 2883 τέλειον
1754 2818 1895 2883 effe.
1983 2817 2180 2907 Quod
2206 2817 2365 2883 item
2392 2818 2670 2903 referen-

601 2914 762 2983 dum
789 2918 876 2982 est
902 2918 984 2984 ad
1012 2918 1318 2984 diversam
1351 2922 1643 2985 Deorum
1672 2932 1739 2985 et
1764 2922 2059 2990 Heroum
2096 2919 2496 3007 religionem,
2526 2942 2671 3008 quae

605 3016 734 3083 illis
777 3017 1065 3107 imparia,
1097 3019 1199 3085 his
1240 3020 1417 3107 paria
1452 3020 1784 3101 tribueret,
1824 3020 2081 3087 anaore
2128 3020 2527 3107 Pythagora:
2576 3022 2673 3085 καὶ

602 3122 718 3195 τοῖς
744 3121 846 3203 μὲν
873 3121 1132 3210 οὐςανίοις
1149 3126 1414 3209 περισσοὶ,
1439 3126 1551 3198 τοῖς
1572 3123 1627 3185 δὲ
1650 3120 2063 3209 δαίμοσθᾶρτια
2086 3120 2359 3203 ἀπονέμει·
2389 3120 2480 3186 ita
2496 3121 2671 3185 enim

605 3222 957 3309 supplenda
995 3224 1084 3287 est
1121 3224 1455 3303 sententia,
1487 3246 1631 3310 quae
1660 3223 1854 3311 vulgo
1883 3224 1963 3289 fic
1990 3222 2253 3311 legitur,
2276 3223 2391 3301 ,καὶ
2426 3227 2539 3298 τοῖς
2570 3226 2674 3307 μὲν

605 3323 870 3411 οὐρανίοις
893 3325 1118 3408 δαίμοσι
1145 3331 1221 3390 τοὶ
1245 3331 1484 3412 περισσοὶ
1513 3325 1791 3408 ἀπονέμει.
1855 3327 2003 3391 Hoc
2032 3338 2117 3389 et·
2131 3323 2507 3389 Plutarchus
2530 3342 2673 3391 mo-

607 3436 720 3489 net
761 3425 827 3490 in
869 3428 1094 3493 Numa
1133 3449 1197 3515 p.
1219 3428 1334 3523 ‘69.
1367 3430 1445 3493 E.
1486 3426 1666 3493 fuiffe
1693 3449 1895 3493 unum
1922 3450 2003 3493 ex
2026 3426 2470 3515 Pythagoricis
2500 3448 2669 3513 praa·-

605 3526 832 3615 ceptis,
871 3532 982 3605 τοῖς
1017 3530 1119 3615 μὲν
1161 3530 1418 3615 οὐρανίοις
1459 3532 1700 3617 >rupea-coi
1744 3529 1900 3609 θύειν,
1942 3527 2109 3617 ἄρτια
2150 3530 2206 3591 δὲ
2246 3533 2357 3603 τοῖς
2394 3529 2667 3615 χθονίοιςι

604 3628 766 3693 item
807 3630 1194 3720 Porphyrius
1219 3631 1358 3697 Vit.
1393 3632 1669 3719 Pythag.
1702 3632 1765 3713 §-
1796 3632 1879 3717 38
1909 3656 1926 3696 ι
1973 3642 2042 3696 et
2070 3629 2351 3695 fimiliter
2378 3630 2557 3697 Plato
2580 3631 2672 3696 ci-

603 3741 778 3795 tatus
824 3732 1166 3799 Plutarcho
1196 3735 1300 3798 De
1333 3732 1473 3797 Ifid.
1498 3746 1572 3800 xet
1597 3732 1760 3798 Ofir.
1794 3754 1859 3819 p.
1888 3736 2040 3818 361.
2069 3733 2157 3798 A.
2203 3732 2310 3797 cui
2341 3733 2668 3821 Pythago-

602 3854 706 3898 ras
733 3832 860 3899 fuit
879 3835 1104 3900 ειιιὸὶοι·
1128 3834 1304 3899 effati
1333 3836 1493 3922 Leg.
1526 3835 1644 3901 IV.
1680 3856 1746 3921 p.
1776 3836 1925 3900 601.
1957 3835 2017 3900 C
2041 3858 2058 3899 ε
2098 3842 2311 3922 πρῶτον
2334 3836 2438 3918 μὲν
2464 3837 2671 3919 φαμὲν,

597 4020 835 4124 χθονίοις
858 4035 926 4102 ἄν
951 4065 1036 4113 τις
1066 4041 1198 4113 θεοῖς
1222 4036 1392 4125 ἄρτια
1420 4038 1517 4101 καὶ
1548 4038 1768 4127 δεύτερα
1797 4040 1892 4103 καὶ
1920 4044 2186 4127 ἁςιστεροὶ
2204 4038 2375 4123 νέμων
2402 4039 2670 4125 &pectava

604 4147 703 4204 τοῦ
731 4146 827 4219 τῆς
855 4140 1136 4222 εὐσεβείας
1162 4148 1370 4205 σκοποῦ
1397 4141 1697 4227 τυγχάνοι·
1726 4147 1841 4217 τοῖς
1867 4144 1923 4237 δὲ
1949 4143 2154 4207 τούτων
2172 4140 2366 4206 ἄνωθεν
2383 4145 2459 4205 τοὶ
2474 4167 2669 4228 upar-

597 4245 675 4305 τοὶ
700 4244 796 4307 καὶ
822 4242 1095 4328 ἀντίφωνα
1118 4247 1233 4319 τοῖς
1260 4242 1554 4329 ἔμπροσθεν
1589 4245 1787 4330 ῥηθεῖσι
1816 4251 1903 4308 νῦν
1930 4245 2014 4323 δή.
2105 4245 2183 4308 In
2226 4242 2671 4309 Themistoclis
