2850 4817
467 357 1002 425 oum-lomes
1039 357 1398 421 mens.
1440 379 1498 440 p.
1530 374 1667 437 292.
1694 332 1903 420 c-n
2132 356 2211 423 σι

57 510 61 579 j
183 538 304 597 nus,
329 530 396 583 et
421 517 750 597 Eustathio
777 518 862 583 ad
891 517 1074 584 Iliad.
1101 522 1182 584 A.
1210 540 1280 606 p.
1315 538 1460 605 132.
1534 518 1873 605 Κριθολῶγος
1900 513 2103 606 igitur
2128 519 2221 585 est

183 620 274 705 qui
307 617 518 708 accipit
557 622 788 700 hordea,
828 634 905 685 ut
947 618 1076 687 hoc
1113 619 1260 687 loco
1293 619 1649 707 explicatur
1672 627 1703 685 ὁ
1728 620 2077 707 κομιζόμενος
2112 624 2218 696 τὰς

157 748 312 807 ,upra
237 722 358 801 εθᾶς,
395 724 500 809 qui
533 743 631 788 eas
667 723 890 810 atfsert,
927 748 969 789 a
980 722 1473 811 samficantibus
1490 748 1512 789 =
1554 723 1879 811 habetque
1918 723 2215 789 eamdem

183 823 466 889 rationem
487 826 655 911 λογος
678 824 848 891 hac
830 846 896 890 ιιι
921 824 1378 911 compofitione
1399 838 1597 913 atque
1620 826 1689 891 in
1716 822 2014 913 φορολὸγος
2034 824 2223 890 νεῶ-

179 925 388 1011 galium
411 935 665 992 εκαᾶον.

255 1048 388 1111 292.
427 1030 510 1093 C.
552 1026 622 1109 ζ’.
629 1029 662 1114 ]
715 1027 1130 1116 Theophrasti
1179 1026 1412 1117 scripta
1452 1027 1851 1095 enumeravit
1891 1027 2225 1116 Diogenes

185 1130 446 1195 laertius
471 1133 560 1197 V.
588 1149 700 1212 42.
735 1143 812 1196 ut
839 1130 978 1217 ipso
1003 1129 1334 1195 literarum
1363 1130 1590 1196 ordine
1631 1130 1861 1196 iterato
1904 1142 2225 1217 appareat,

187 1252 314 1295 eum
347 1233 708 1320 complures
743 1232 1006 1312 πίνακας,
1033 1231 1103 1297 id
1125 1234 1214 1297 est
1253 1244 1499 1298 veteres
1532 1231 1801 1314 indices,
1836 1232 2127 1299 secutum
2158 1247 2227 1299 et

189 1332 532 1401 confudiffe.
565 1336 632 1417 §-
664 1353 774 1420 43.
819 1336 928 1414 est,
957 1336 1053 1411 τῆς
1094 1334 1629 1422 μηαρσιολισχίας,
1648 1326 1737 1413 α’,
1764 1332 1942 1421 quod
1968 1334 2053 1399 ad
2082 1335 2225 1437 De·
2240 1320 2249 1329 ¹

59 1470 61 1477 ·
187 1436 413 1503 mocriti
433 1436 794 1504 doctrinam
811 1434 1166 1563 pertinuit.
1203 1436 1267 1518 ξ.
1295 1454 1406 1517 44.
1435 1436 1555 1521 περὶ
1582 1444 2117 1522 μπαρσιολογικων,
2144 1430 2229 1517 εἴ,

191 1534 257 1615 β’.
291 1538 347 1625 §.
368 1554 474 1624 47.
502 1540 628 1624 περὶ
657 1536 940 1623 μετεώρων
967 1536 1048 1602 α’.
1129 1538 1295 1602 Haec
1321 1559 1360 1602 a
1385 1537 1713 1604 Mem-fio
1694 1558 1763 1601 m
1790 1537 2229 1625 Theophrasto

190 1638 364 1705 Num.
407 1641 670 1719 xxm,
716 1639 997 1720 van,
1042 1639 1318 1720 exul,
1359 1652 1426 1705 et
1472 1638 1761 1706 Fabricio
1799 1640 1879 1706 B.
1910 1641 2001 1705 G.
2037 1639 2129 1705 11.
2156 1660 2229 1726 p.

58 1744 60 1747 ’
193 1760 224 1805 2
224 1756 318 1823 50.
354 1742 504 1825 item
549 1741 1052 1829 distinguuntur.
1117 1740 1435 1829 Equidem
1463 1738 1815 1818 secundum
1842 1754 1909 1807 ct
1936 1740 2228 1823 tertium,

192 1839 338 1907 idem
363 1864 524 1931 opus
554 1842 734 1907 fuiffe
755 1855 1008 1929 putem.

264 1964 396 2030 292.
424 1946 508 2010 D.
533 1943 635 2029 η’.]
687 1942 1034 2009 AEolismus
1059 1940 1338 2031 intelligi
1364 1943 1573 2029 potest
1598 1940 1666 2007 in
1692 1941 1910 2018 πλάτος
1938 1964 2057 2031 pro
2078 1945 2229 2023 πλή-

197 2068 307 2120 σιος·
347 2058 412 2111 at
443 2047 509 2112 in
549 2044 774 2121 Χαίτας
810 2068 928 2133 pro
963 2044 1133 2132 ἔχων,
1161 2040 1377 2110 minus
1405 2056 1675 2131 apparet
1696 2070 1715 2109 ι
1762 2044 1944 2110 notio
1969 2046 2231 2132 quidem

197 2148 436 2229 habendi,
475 2172 516 2215 a
549 2150 741 2215 verbo
778 2148 944 2235 χᾶω,
977 2148 1162 2237 xxiv,
1203 2148 1392 2234 capio,
1423 2146 1788 2236 comple-dor,
1814 2147 2033 2213 locum
2060 2148 2235 2215 obti-

197 2263 308 2315 net.
385 2255 640 2320 Locum
678 2252 877 2339 Legis
913 2274 992 2317 ex
1019 2249 1545 2341 nomophylaciO,
1572 2272 1615 2317 a
1645 2250 1989 2316 Plutarcho
2030 2272 2232 2338 appo-

58 2430 60 2433 *
199 2351 354 2417 fitum
392 2354 596 2433 fuiffe‚
633 2376 674 2418 a
709 2352 968 2419 librario
993 2366 1206 2419 vetere
1233 2350 1529 2418 omiffum
1556 2352 1701 2432 effe,
1734 2374 1835 2419 res
1860 2352 1995 2442 ipsa
2018 2353 2230 2418 osten·

197 2452 292 2518 dit.
359 2460 364 2465 “

271 2575 400 2641 292.
427 2560 520 2623 D.
555 2556 601 2620 θ’
606 2556 656 2641 .]
701 2555 1016 2644 Bipertita
1056 2508 1360 2645 Quaestio.
1435 2554 1651 2635 Ὅσιοι,
1685 2554 1988 2644 Delphici
2030 2555 2235 2621 saeer-

187 2655 354 2721 dotes
390 2670 834 2728 memorantur
873 2658 1071 2723 etiam
1113 2658 1181 2723 in
1224 2658 1390 2723 libro
1432 2658 1537 2725 De
1581 2658 1841 2726 Oracul.
1878 2658 2135 2725 Defeec.
2166 2680 2237 2745 p.

197 2759 324 2843 438.
351 2763 426 2826 B.
515 2763 599 2825 In
641 2766 704 2824 οἶ-
731 2760 1018 2846 γεγονέναι
1063 2764 1334 2837 δοκοῦντες
1373 2763 1485 2825 ἀπὸ
1522 2761 1927 2842 Δευκαλίωνος,
1956 2761 2235 2827 affumfi-

201 2881 322 2924 mus
347 2869 390 2926 oi
413 2885 494 2927 ex
511 2866 613 2927 E:
661 2862 854 2949 vulgo
879 2864 966 2928 est
993 2862 1057 2945 ἃ,
1084 2863 1258 2929 unde
1286 2864 1466 2928 Mez.
1500 2876 1570 2929 et
1597 2864 1756 2950 Xyl.
1786 2860 2237 2929 volebant-cirs-

201 2962 371 3039 Βόσιος
409 2964 640 3029 menfis
681 2964 1064 3052 DelphicuS,
1105 2968 1242 3053 post
1277 2965 1435 3031 alios
1476 2965 1645 3030 viros
1684 2966 1933 3044 ἁοᾶοε,
1978 2976 2241 3029 notatus

201 3066 271 3129 est
294 3090 328 3131 a
355 3068 617 3135 Corfino
645 3071 804 3134 Fast.
833 3070 1041 3136 Attio.
1071 3072 1156 3135 T.
1189 3073 1282 3135 11.
1311 3092 1380 3157 p.
1409 3078 1561 3157 437.
1612 3070 1867 3136 AEolice
1892 3090 2015 3156 pro
2042 3067 2243 3142 Πύθιος

204 3165 442 3250 dietum,
472 3171 954 3257 permutatione
979 3172 1308 3237 literarum
1334 3174 1376 3253 β
1401 3186 1472 3237 et
1507 3198 1571 3254 π,
1610 3184 1677 3237 et
1702 3174 1731 3235 θ
1760 3171 1825 3235 in
1856 3196 1921 3251 σ,
1949 3170 2111 3237 ratio
2140 3184 2243 3236 ar-

59 3318 61 3321 <
202 3268 355 3355 guit:
389 3273 468 3338 de
493 3273 710 3361 priore
736 3275 989 3362 monuit
1016 3274 1295 3342 Waffius
1322 3277 1404 3339 ad
1434 3276 1734 3363 Thucyd.
1766 3298 1832 3362 p.
1868 3292 2015 3361 231.
2072 3276 2245 3361 Tay..

203 3368 352 3437 lorus·
384 3375 570 3440 Lect.
620 3375 768 3463 Lys.
815 3377 937 3443 IX.
969 3399 1036 3464 p.
1071 3392 1218 3461 702.
1259 3376 1459 3441 etiam
1488 3378 1556 3441 J.
1588 3377 1878 3463 Scaliger
1904 3374 1986 3441 ad
2014 3376 2243 3442 Euseb.

205 3472 421 3539 Chron.
474 3499 548 3564 p.
601 3478 747 3541 118.
835 3479 924 3543 Et
971 3478 1362 3545 credendum
1415 3476 1784 3560 PlutarchO,
1824 3479 1863 3544 fi
1918 3480 2245 3566 cuiquam,

203 3586 402 3661 utpote
428 3579 546 3667 qui
573 3579 852 3665 Delphis
881 3580 994 3645 diu
1023 3580 1439 3646 habitaverit:
1469 3608 1508 3645 σ
1541 3596 1659 3667 pro
1686 3584 1713 3647 δ
1742 3581 1939 3646 etiam
1963 3582 2247 3647 Doribus

205 3696 525 3745 commune
555 3680 664 3759 est,
695 3679 777 3745 de
807 3675 1154 3768 earumque
1179 3682 1513 3746 literarum
1543 3682 1849 3747 affinitate
1874 3681 2153 3747 diximus
2180 3704 2247 3769 p.

205 3794 296 3845 22.
323 3780 400 3862 C,
431 3786 509 3847 E.
593 3782 954 3871 Septimum
977 3784 1204 3848 menfis
1231 3783 1408 3849 diem
1436 3782 1759 3869 Apollinis
1786 3783 2065 3849 natalem
2094 3802 2249 3869 pro-

206 3877 285 3943 dit
323 3882 702 3949 Plutarchus
743 3885 1042 3971 Sympos.
1081 3886 1272 3952 VIII.
1315 3906 1375 3950 1.
1416 3906 1487 3971 p.
1528 3899 1677 3968 717.
1716 3886 1807 3949 D.
1870 3884 2131 3953 Proclus
2168 3882 2253 3947 ad
2386 3896 2389 3901 '

207 3981 440 4052 Hefiod.
479 3987 612 4073 Op.
641 3986 824 4051 etD.
853 3987 1032 4051 versu
1059 3990 1206 4073 769.
1237 4008 1304 4074 p.
1336 3989 1480 4074 169.
1510 3989 1600 4051 A.
1630 3986 1863 4073 quibus
1892 3987 2050 4050 alios
2076 3983 2257 4049 addi·

209 4081 289 4147 dit
325 4087 752 4173 Spanhemius
785 4088 866 4188 ad
909 4088 1290 4169 Callimachi
1329 4090 1422 4153 H.
1460 4086 1527 4155 in
1564 4088 1715 4156 Del.
1749 4104 1897 4173 251.
1984 4084 2093 4149 Ad
2133 4105 2253 4148 an

210 4206 378 4273 nuarn
415 4174 824 4277 fingularem
843 4190 1085 4255 oraculi
1129 4190 1568 4257 celebritatem
1605 4189 1829 4257 retulit
1856 4186 2257 4275 Musgravius

213 4292 613 4359 narrationem
639 4292 1015 4381 Euripidis
999 4316 1065 4359 m
1091 4296 1254 4361 Jone
1283 4312 1390 4381 91.
