2850 4817
443 314 976 415 QUAESTtoyEs
1016 316 1420 383 ROMANAS.
1462 338 1520 397 p.
1552 332 1685 394 270.
1716 318 1993 395 n-271,
2020 320 2093 379 B.
2216 336 2285 397 31

205 472 408 538 dicto
441 473 702 540 citando
726 474 870 563 legi
909 476 1183 543 debebat
1201 476 1294 541 Ἢ
1329 478 1426 541 καὶ
1462 478 1651 541 τὸτοῦ
1676 475 2293 561 emmunim—ex

209 574 456 641 codice
488 578 562 641 E.
598 578 665 642 P.
697 578 1068 665 conje&ura
1091 578 1406 666 Xylandri
1434 600 1551 665 pro
1565 576 1657 643 Ἢ
1686 606 1747 643 κ.
1775 606 1834 645 τ.
1865 605 1925 644 τ.
1958 584 2047 660 Θ,
2078 580 2293 666 requi-

209 677 394 741 ritur
435 678 607 742 enim
658 678 1044 767 disjunssioz
1102 682 1207 744 An
1247 704 1416 759 vero,
1458 680 1601 747 Sive
1652 681 1935 745 etiam-.
2022 680 2291 748 Diaum

209 778 322 843 bis
371 778 528 844 alibi
569 795 996 845 memoratum
1047 780 1414 860 Plutarch0,
1458 779 1527 846 in
1569 780 1724 847 Vita
1764 780 2175 847 Themistocl.
2224 804 2293 868 p.

221 900 384 945 121.
419 882 498 945 B.
561 883 665 946 De
713 881 934 947 Gloria
968 881 1213 948 Athen.
1251 882 1396 947 init.
1434 904 1499 969 p.
1530 896 1685 969 345.
1716 883 1799 948 C.
1842 883 2293 971 reprehensum

212 1002 298 1045 ac
331 980 671 1047 temeraria
697 982 1056 1071 mutatione
1085 995 1402 1047 tentatum
1435 1006 1475 1047 a
1498 986 1559 1050 V
1559 982 1851 1064 aaffenio,
1882 984 2053 1050 reste
2085 983 2293 1049 vindi-

217 1097 458 1151 catum
483 1106 524 1149 a
543 1084 931 1150 Ruhnkenio
959 1084 1166 1150 nostro
1192 1085 1258 1149 in
1285 1086 1545 1173 epistola
1566 1086 1647 1151 ad
1676 1086 1857 1151 illum
1890 1087 2141 1173 scripta,
2169 1106 2301 1174 qua

217 1184 484 1249 edenda
508 1186 922 1272 gratiffimum
956 1186 1112 1250 fecit
1147 1186 1462 1274 elegantis
1504 1186 1813 1253 do&rinae
1840 1186 2119 1253 studiofis
2146 1210 2298 1252 eru-

219 1286 571 1351 ditiffimus
607 1299 676 1353 et
712 1287 792 1352 de
830 1287 1092 1374 optimis
1133 1288 1370 1356 Literis
1407 1290 1657 1377 optime
1694 1289 1961 1356 meritus
2004 1290 2097 1355 vir
2136 1289 2297 1355 Chr.

225 1389 464 1473 Saxilus
513 1389 576 1453 in
619 1389 1006 1455 Onomastici
1051 1391 1234 1455 Parte
1275 1392 1470 1457 VIII.
1511 1412 1578 1477 p.
1616 1410 1727 1472 40.
1818 1392 2011 1457 Porro
2052 1390 2301 1475 φανέντες

226 1513 396 1555 cum
432 1493 666 1558 Venet.
709 1504 777 1555 et
819 1492 994 1558 Voff.
1037 1492 1422 1557 mutandum
1464 1492 1532 1558 in
1574 1492 1861 1577 φανέντας·
1906 1505 1977 1558 et
2004 1492 2186 1559 loeus
2212 1493 2303 1558 ita

226 1606 544 1659 caeterum
587 1594 1029 1681 corrigendae,
1070 1598 1140 1669 ὥς
1183 1596 1327 1660 οὐδὲν
1358 1593 1424 1660 ἂν
1452 1598 1689 1679 οὐδαμοῦ
1716 1594 2006 1679 φανέντας.
2092 1596 2300 1661 Deni-

226 1716 368 1781 que
413 1692 595 1773 illud,
639 1695 736 1757 καὶ
777 1702 936 1759 τοῦτο
975 1694 1493 1785 ἔπραπον,κῶστες
1528 1696 1606 1761 ἔτι
1644 1704 1733 1763 νῦν
1770 1697 2223 1785 προκηρύττουσιν
2254 1702 2305 1761 οἱ

226 1797 396 1882 ἶεςεῖς
435 1796 518 1857 ἐπὶ
553 1800 656 1869 τὰς
700 1795 887 1870 θυσίας
926 1797 1262 1879 βαδίζοντες,
1297 1797 1539 1883 Γρθᾶεῑ
1578 1810 1805 1864 notum
1850 1798 1977 1863 hoc
2004 1798 2299 1863 sacerdo·

223 1910 386 1960 tum
429 1895 673 1961 dictum
707 1896 838 1961 Hoc
869 1921 1019 1983 age.-
1063 1898 1238 1985 quod
1269 1898 1649 1963 Plutarchus
1682 1898 1835 1964 alibi
1870 1912 2208 1979 memorat,
2238 1899 2305 1963 in

224 2000 465 2063 Numa
506 2020 572 2083 p.
602 2000 710 2084 69.
742 1998 833 2062 D.
876 1992 956 2064 et‘
985 1998 1050 2062 in
1097 1998 1443 2065 Coriolano
1482 2022 1549 2086 p.
1587 2016 1733 2085 225.
1767 2002 1837 2065 F.
1882 2016 1949 2065 et
1992 1999 2179 2065 doc'te
2222 2000 2303 2063 il·

224 2101 534 2165 lustratur
571 2100 636 2165 in
671 2100 917 2165 Erasmi
951 2100 1353 2187 aliorumque
1386 2100 1659 2187 Adagiis
1700 2100 1858 2167 edit.
1898 2100 2205 2167 Wechel.
2234 2123 2301 2187 p.

238 2204 398 2291 198.

328 2320 476 2388 270.
505 2306 594 2369 D.
624 2304 766 2391 affl]
817 2303 1208 2373 Muliebrem
1246 2305 1312 2371 in
1357 2304 1541 2373 luetu
1584 2306 1813 2371 vestem
1862 2306 2075 2371 albam
2122 2304 2305 2371 fuifl'e

231 2408 638 2472 documento
685 2409 829 2472 su‘nt
871 2408 1131 2494 quidam
1173 2411 1485 2475 Veterum
1528 2407 1694 2473 loci:
1742 2432 1799 2473 v.
1843 2431 1904 2474 c.
1949 2407 2305 2473 Herodiani

231 2510 305 2574 in
358 2509 580 2574 funere
615 2508 828 2574 Severi
861 2507 1298 2589 describendo,
1339 2512 1457 2575 IV.
1496 2528 1557 2577 2.
1602 2510 1979 2596 ἡσῦγκλητος
2019 2510 2307 2592 μελαίναις
2371 2590 2379 2597 .

229 2611 522 2699 ἑφεστςίσι
547 2612 1162 2699 χρώμενοι-γυναῖκες
1193 2618 1355 2687 λιτὰς
1383 2615 1610 2690 ἐσθῆτας
1640 2617 1842 2689 λευκὰς
1867 2604 2337 2697 ἅμφιεννῦμιναι·’

231 2728 308 2779 et
349 2713 457 2778 alii
492 2737 656 2801 quos
699 2713 906 2779 adfert
945 2713 1414 2779 Kirchmannus
1446 2714 1550 2779 De
1580 2716 1829 2779 Funere
1858 2716 2046 2787 Rom.
2077 2715 2169 2778 ΙΙ.
2204 2730 2304 2797 17.

235 2839 309 2903 p.
360 2835 505 2903 239.
579 2818 996 2881 Mortuerum
1047 2834 1315 2903 corpora
1361 2815 1522 2881 albi&
1559 2816 1827 2881 vestibus
1870 2814 2098 2881 induta
2134 2814 2308 2881 idem

232 2906 464 2998 docet,
493 2920 548 2983 I.
580 2938 642 3002 7.
689 2917 1030 3005 utrobique
1059 2917 1202 2983 haec
1237 2917 1562 2984 Plutarchi
1592 2918 1763 2983 dicta
1792 2939 2117 3005 apponens
2138 2943 2157 2982 z
2202 2916 2311 2982 cui

234 3019 518 3086 addatur
545 3019 863 3107 Rigaltius
889 3020 971 3085 ad
1000 3019 1391 3086 Artemidor.
1432 3021 1520 3084 II.
1550 3040 1617 3105 3.
1648 3040 1717 3107 p.
1744 3022 1855 3101 4'2.
1932 3019 2037 3103 De
2068 3013 2309 3105 Mag'o-

239 3146 396 3189 mm
438 3121 676 3208 placito
719 3107 1099 3215 Plutarchus
1142 3121 1424 3209 prodidit
1454 3121 1521 3186 in
1550 3119 1715 3187 libro
1742 3122 1848 3186 De
1878 3119 2023 3185 Ifid.
2052 3132 2123 3185 et
2150 3120 2309 3185 Ofir.

239 3248 314 3314 p.
348 3228 499 3313 369.
527 3226 616 3291 D.
645 3243 796 3311 370.
828 3228 918 3291 D.
993 3224 1380 3313 Porphyrius
1420 3224 1561 3292 Vit.
1611 3223 1883 3312 Pythag.
1926 3223 1987 3305 ξ.
2016 3241 2125 3303 41.
2166 3244 2309 3309 quae

244 3329 446 3395 verba
483 3328 706 3393 retulit
742 3329 1034 3393 Stobaeus
1062 3328 1195 3393 Tit.
1228 3328 1349 3392 XI.
1381 3350 1447 3414 p.
1488 3347 1631 3412 139.
1722 3325 1911 3390 Plura
1948 3338 2019 3391 et
2060 3325 2309 3391 notavi·
2354 3343 2361 3349 ·

244 3454 398 3497 mus
434 3444 502 3495 et
549 3430 914 3495 notabimus
967 3430 1048 3521 ad
1089 3430 1501 3495 Plutarchum
1552 3429 1688 3493 Ser.
1742 3429 1946 3493 Num.
1990 3426 2189 3494 vind.
2244 3450 2310 3515 p.

244 3535 404 3619 564.
437 3533 517 3598 C.
607 3531 778 3597 Illud
821 3535 1015 3621 ὃολεςοὶ
1053 3533 1154 3615 μὲν
1189 3537 1265 3595 τὰ
1303 3532 1511 3614 εἵματα
1552 3533 1749 3611 δολερὰ
1788 3530 1845 3592 δὲ
1883 3533 1960 3593 τοὶ
1992 3528 2309 3615 χρώματα,

248 3636 342 3701 est
369 3632 690 3698 Herodoti
721 3634 846 3698 III.
878 3653 982 3702 22.
1032 3632 1373 3699 Plutarcho
1401 3630 1781 3723 adhibitum
1801 3630 2091 3717 Sympos.
2127 3631 2215 3694 11.
2246 3652 2313 3717 p.

250 3738 402 3819 646.
433 3736 510 3799 B.
563 3734 842 3821 Malign.
874 3735 1120 3804 Herod.
1152 3757 1218 3822 p.
1255 3736 1402 3820 863.
1433 3736 1523 3799 D.

339 3854 488 3923 270.
521 3840 830 3921 F.-271.
861 3839 936 3901 B.
969 3834 1109 3922 κζ’.]
1164 3836 1360 3901 Caius
1388 3834 1590 3900 Instit.
1625 3837 1679 3900 Ι.
1718 3854 1775 3899 1.
1811 3857 1876 3922 p.
1901 3851 2023 3919 705
2074 3834 2316 3901 Sanfiae

233 4045 408 4127 sunt.
431 4052 448 4071 ‘·
499 4039 639 4105 Ubi
690 4037 1011 4102 Aleander
1059 4036 1470 4103 Plutarchum
1514 4037 1925 4123 reprehendit
1965 4058 2190 4123 pamm
2236 4035 2318 4099 ad

254 4144 674 4210 diversitatem
702 4142 874 4229 sacri
915 4153 982 4206 et
1006 4141 1212 4227 sanai
1253 4139 1717 4205 attendentem.
1810 4140 1947 4233 Ipse
1990 4136 2317 4205 attendere

253 4244 527 4317 debebat
557 4244 647 4311 ad
679 4266 912 4335 nomer)
943 4243 1221 4326 ἀβέβηλον
1245 4258 1350 4331 per
1368 4243 1529 4331 quod
1548 4242 1831 4319 incedere,
1853 4240 2125 4323 ίνανρβνε,
2148 4238 2321 4324 nefas
