2850 4817
454 285 935 350 'PARALLELA
974 289 1107 350 GR.
1146 291 1255 350 ET
1292 289 1498 350 Rom.
1539 310 1597 370 p.
1627 309 1766 368 313.
1793 292 2065 370 Β-314.
2093 294 2164 354 Α.
2273 297 2350 376 87

281 447 469 511 XLI.
514 469 579 534 p.
619 466 769 530 241.
821 446 983 514 alios
1026 461 1281 516 notatos
1321 449 1605 518 Meurfio
1650 451 1865 519 Graec.
1913 453 2056 518 Fer.
2103 455 2232 520 III.
2279 477 2348 544 p.

283 566 432 633 103.
1024 615 1030 620 .

358 648 483 712 λα’.
510 670 575 735 p.
605 668 759 735 313.
786 650 899 733 B.]
945 651 1248 738 Eumolpi
1290 649 1580 720 adversus
1617 653 2042 722 Athenienses
2077 655 2348 740 bellum,

278 751 607 838 attigimus
648 751 874 816 Parall.
906 752 981 818 κ’.
1058 755 1361 840 Pyrandri
1404 777 1641 822 nomen
1685 769 1752 822 et
1794 756 2042 824 facinus
2083 760 2165 824 ab
2207 759 2346 848 ipso

277 853 476 920 libelli
516 854 745 941 opifice
784 855 1042 920 fiEtum:
1092 857 1280 924 Harl.
1324 857 1588 926 exhibet
1621 858 1997 949 Χρόσοινδρος.
2083 861 2238 928 Alia
2261 863 2347 930 de

278 956 595 1043 Eumolpo
640 953 873 1022 tradita
920 958 1094 1044 apud
1142 957 1619 1045 Apollodorum
1666 960 1792 1025 III.
1837 978 1942 1048 15,
1979 982 2046 1044 4.
2095 985 2134 1028 o
2186 963 2346 1030 Cal-

276 1057 549 1122 listhenis
586 1057 913 1124 Thracicis
940 1060 1167 1148 ⁸sumta
1198 1060 1344 1141 effe,
1384 1059 1560 1148 quod
1597 1060 1944 1149 suspicatus
1973 1075 2114 1130 erat
2151 1062 2346 1153 hujus

279 1158 397 1226 loci
432 1160 670 1226 indicio
710 1161 949 1228 Galeus
978 1184 1047 1250 p.
1082 1184 1187 1251 91.
1220 1186 1411 1252 quem
1453 1163 1736 1251 sequitur
1763 1165 2062 1254 Heynius
2089 1189 2156 1254 p.
2191 1169 2343 1235 861.

282 1258 463 1326 nimis
490 1261 811 1348 patienter
830 1275 1103 1352 uterque
1130 1265 1255 1331 fert
1283 1265 1563 1330 nostrum
1595 1266 2060 1332 tenebrionem.
2129 1268 2344 1334 Histo-

278 1362 430 1428 riola
470 1367 761 1434 Romana
800 1390 881 1433 ex
918 1370 1025 1434 M.
1070 1367 1305 1434 Manlii
1344 1379 1413 1434 et
1452 1369 1564 1456 Sp.
1608 1368 1816 1436 Maelii
1846 1369 2036 1438 rebus
2064 1371 2342 1438 conflata

278 1463 536 1533 videtur.

353 1567 473 1648 λβ’.
498 1591 655 1658 313.
684 1572 793 1659 Β.]
829 1572 1089 1640 Romuli
1118 1573 1341 1640 saltem
1372 1574 1592 1641 obitus
1619 1574 1816 1662 vulgo
1843 1586 2076 1642 notus:
2109 1588 2342 1644 coetera

280 1682 342 1736 et
372 1671 434 1737 in
478 1673 633 1755 hoc,
662 1688 731 1742 et
760 1677 1068 1742 Graecum
1101 1675 1480 1746 parallelum
1512 1675 1694 1744 finxit
1721 1675 1856 1764 ipse
1883 1676 2172 1764 scriptor.
2261 1681 2339 1746 Iu

278 1775 557 1842 oratione
585 1777 1219 1846 animadvertendum
1246 1783 1319 1854 εἰς
1344 1779 1470 1855 τοὺς
1499 1778 1731 1855 κόλπους
1760 1778 1988 1860 ἶλαβον,
2017 1778 2132 1846 ubi
2158 1792 2340 1848 utro·

280 1899 393 1962 que
427 1878 573 1944 loco
614 1901 735 1967 pro
771 1875 971 1962 ἔλαβον
998 1880 1156 1946 dant
1184 1880 1387 1961 ἔβαλον
1414 1880 1570 1946 Ald.
1599 1881 1740 1947 Bas.
1771 1881 1925 1969 Xyl.
1955 1882 2130 1946 Vofl'.
2161 1885 2233 1948 F.
2265 1886 2336 1950 P.

280 1979 349 2042 T.
390 1983 471 2046 V.
516 1982 596 2047 B.
640 1982 827 2049 Harl.
914 1985 1083 2048 Tum
1124 1982 1314 2058 Αἵτιος
1356 1983 1642 2072 Πρόκλος,
1686 1981 1939 2048 fortaffe
1981 1983 2118 2054 fuit,
2146 1983 2341 2062 Αἴλιος

281 2078 524 2165 Πρόκλος
533 2105 554 2161 3
584 2081 783 2169 idque
815 2096 1039 2150 natum
1068 2106 1145 2148 ex
1168 2085 1397 2158 Ἰούλιος
1425 2105 1559 2171 quo
1587 2082 1784 2170 vulgo
1811 2083 2105 2170 proditur
2128 2082 2341 2150 homi-

280 2181 368 2246 nis
389 2205 672 2253 nomene
709 2185 1155 2252 animadvertit
1180 2184 1375 2252 etiam
1410 2185 1702 2273 Bryanus
1727 2183 1808 2250 ad
1836 2184 2023 2250 Vitas
2055 2183 2226 2250 Plut.
2257 2187 2334 2252 T.

282 2283 330 2348 Ῑ.
363 2307 427 2372 p.
458 2288 567 2372 76,
604 2308 661 2352 1.
748 2287 1135 2354 Harleianus
1172 2291 1300 2375 ἀνὴρ
1337 2286 1394 2352 δι’
1426 2313 1512 2362 τις
1551 2295 1662 2352 τῶν
1702 2289 1968 2371 ἐπιφανῶν
2010 2288 2106 2352 καὶ
2148 2288 2334 2375 πράων

283 2388 365 2450 καὶ
402 2390 687 2474 Ῥωμύλου
729 2389 899 2473 φίλων
943 2394 1004 2469 ἐξ
1038 2394 1216 2476 ἀγροῦ
1254 2387 1482 2470 κατιὼν,
1522 2387 1679 2454 ezr&
1715 2387 2009 2477 ἑωρακέναι
2036 2390 2128 2453 τὸν
2153 2392 2334 2470 βασι-

276 2489 473 2557 λέα-.
562 2495 651 2559 Et
676 2492 849 2559 idem
880 2492 1081 2559 codex
1108 2492 1175 2557 in
1202 2504 1347 2558 toto
1374 2492 1504 2558 hoc
1531 2489 1750 2589 libello
1778 2513 2082 2580 magnam
2113 2491 2336 2558 1οἃἰο-

279 2591 367 2658 nis
390 2593 755 2662 varietatem
785 2596 1065 2684 praebetz
1112 2618 1309 2686 quam
1342 2595 1592 2663 utinam
1619 2592 1992 2661 melioribus
2023 2594 2334 2681 praeberet

279 2691 339 2758 in
360 2694 557 2778 libris,
586 2710 662 2762 ut
690 2720 835 2762 eam
862 2709 1087 2764 notare
1112 2719 1327 2784 operae
1352 2696 1630 2784 pretium
1655 2696 1829 2762 effet.

350 2798 467 2884 λγ’.
491 2818 645 2886 313.
675 2800 785 2884 B.]
818 2798 1053 2864 Latina
1079 2821 1181 2864 res
1210 2798 1431 2864 nihili:
1466 2800 1695 2864 Graeca
1717 2796 1800 2862 de
1829 2797 2086 2884 Pelope,
2120 2795 2333 2884 Chry-

278 2897 456 2994 fippo,
500 2904 687 2983 Laio,
730 2903 797 2968 in
846 2901 1083 2971 fabulis
1124 2902 1484 2969 celebrata:
1530 2900 1612 2967 de
1649 2923 1778 2988 qua
1817 2903 2206 2986 Interpretes
2250 2898 2335 2964 ad

279 3001 503 3070 AEliani
536 3006 695 3071 Var.
734 3005 899 3071 Hist.
933 3004 1127 3068 XIII.
1154 3017 1223 3089 5.
1306 3002 1775 3068 Valckenarius
1819 3001 1884 3066 in
1927 2999 2222 3066 Diatribe
2265 2999 2332 3064 in

277 3105 549 3196 Euripid.
572 3112 830 3196 Fragm.
860 3109 1023 3195 Cap.
1053 3108 1182 3173 III.
1209 3128 1278 3194 p.
1309 3108 1385 3171 18
1418 3120 1487 3172 et
1517 3126 1630 3188 24:
1662 3104 1746 3170 de
1773 3102 2088 3191 tragoedia
2116 3101 2334 3191 chry,-

278 3204 456 3294 fippo.
529 3209 828 3298 Heynius
858 3209 942 3275 ad
969 3205 1351 3296 Apollodor.
1382 3209 1512 3274 ΙΙΙ.
1537 3221 1605 3292 5,
1631 3221 1699 3293 5.
1733 3227 1800 3292 p.
1830 3206 1983 3292 587.
2245 3231 2252 3238 ·

351 3309 451 3376 28¹.
477 3333 547 3399 p.
576 3331 731 3398 314.
760 3312 878 3397 A.]
925 3312 1013 3376 Et
1036 3310 1231 3398 hujus'
1256 3309 1427 3397 paris
1457 3332 1588 3375 non
1617 3309 1724 3373 nifi
1758 3310 2062 3373 Graeoum
2103 3303 2330 3372 anelo-

282 3405 510 3478 ritatem
552 3413 776 3478 habet.
862 3415 1043 3479 Nota
1070 3413 1157 3477 est
1182 3411 1403 3477 fabula
1428 3410 1512 3476 de
1535 3409 1803 3490 Theseo,
1832 3409 2123 3489 Phaedra,
2153 3406 2332 3494 Hip-

280 3509 504 3599 polyte.
569 3515 791 3580 Multa
808 3527 1107 3580 veterum
1134 3513 1490 3578 testimonia
1517 3512 1810 3579 exhibuit
1837 3511 2164 3578 Bachetus
2183 3513 2335 3576 Me-

280 3609 529 3684 ziriacus
556 3616 649 3682 adv
668 3615 884 3690 Ovidii
909 3615 1105 3702 Epist.
1137 3617 1298 3680 Her.
1327 3616 1446 3681 IV.
1475 3615 1553 3680 T.
1587 3614 1640 3678 Ι.
1670 3635 1740 3700 p.
1763 3632 1916 3700 320.
1942 3613 2118 3702 sequ.
2177 3613 2332 3678 Sto-

280 3709 435 3781 baeus
460 3729 537 3782 ut
562 3717 723 3782 alios
751 3717 985 3794 horum
1016 3715 1468 3798 Parallelorum
1500 3715 1678 3782 locos
1718 3715 1943 3783 retulit
1967 3714 2034 3780 in
2063 3713 2330 3781 Florile-

280 3812 397 3899 giO,
436 3817 527 3883 ita
566 3819 746 3884 hunc
778 3819 856 3912 13¹¹
893 3817 1281 3886 editionibus
1325 3818 1642 3897 omiffum,
1675 3839 1756 3883 ex
1792 3817 2015 3884 codice
2056 3815 2331 3883 Parifino

281 3913 575 4006 adscripsit
628 3919 905 4008 margini
962 3919 1341 4007 exemplaris
1390 3919 1510 3999 sui,
1563 3941 1738 3984 nune
1805 3918 1874 3983 in
1929 3915 2336 3984 Bibliotheca
2425 3920 2428 3922 ’

278 4015 855 4106 Lugduno-Batava
881 4023 1124 4103 servati,
1153 4024 1247 4086 H.
1280 4021 1548 4087 Grotius
1575 4042 1643 4108 p.
1663 4035 1816 4107 405.
1848 4020 1998 4086 inde
2025 4019 2330 4104 deprom-

281 4117 343 4181 fit
368 4123 823 4194 Valckenarius
862 4138 931 4190 et
972 4123 1373 4212 argumentis
1411 4123 1744 4212 tragoediae
1778 4120 2132 4209 Hippolyti
2162 4142 2230 4208 p.
2261 4141 2328 4204 4.

242 4291 259 4302 ,
284 4219 535 4292 addidit.
622 4222 949 4294 Caeterum
986 4225 1161 4294 aliud
1200 4226 1290 4293 ibi
1324 4224 1606 4292 auam-is
1634 4247 1872 4290 nomen
1903 4219 2330 4310 proscriptum

1239 4347 1285 4392 G
1316 4347 1361 4403 4
1946 4356 1953 4363 ·
