2850 4817
273 335 577 396 ATHEN.
618 333 893 396 BELLO
933 337 1045 396 AN
1084 337 1381 396 Doc'm.
1424 337 1658 398 cLAR.
1699 359 1758 418 p.
1786 357 1924 418 349.
1947 341 2028 412 D,
2053 342 2122 401 Ε.
2195 363 2310 436 ¹49-

238 493 581 560 Phalerum
612 493 984 580 pertineret,
1005 517 1201 581 quam
1228 495 1546 562 rationem
1575 511 1651 564 ut
1677 497 1905 566 diserte
1931 500 2312 570 scholiastes

236 595 587 676 Platonius,
628 595 719 660 ita
760 595 1085 662 obscurius
1125 599 1601 684 Harpocration
1644 598 1898 666 secutus
1938 603 2047 668 est.
2133 606 2310 672 Nam

235 698 433 763 Urbis
480 697 744 786 quidem
786 698 1027 764 moenia
1076 697 1460 766 dicebantur
1495 706 1524 766 ὅ
1564 705 1767 778 κυκλός
1814 710 1914 770 τοῦ
1958 703 2156 782 ἄστεος
2199 727 2308 793 ap.

236 799 607 888 Thucydid.
637 802 727 866 ΙΙ.
761 819 859 886 13.
925 800 1265 868 Aristidem
1296 800 1650 870 Panathen.
1681 825 1748 890 p.
1780 823 1901 892 149
1927 819 1996 870 et
2021 808 2164 891 187.

323 921 471 989 349.
500 904 593 991 D.
635 911 763 968 νεῶν
805 902 969 987 οἶκοι]
1018 901 1313 970 Solennis
1346 905 1436 970 est
1473 904 1680 970 forma
1707 905 2006 974 νεώσοικοι.
2083 908 2312 976 Pollux

243 1006 361 1070 IX.
394 1007 538 1074 128.
612 1004 841 1072 Suidas
869 1005 935 1070 in
962 1007 1200 1074 Vocib.
1240 1006 1466 1094 Νεῶριοι
1495 1009 1592 1072 καὶ
1619 1007 1938 1086 νεοσοίκους·
1967 1011 2124 1078 etin
2143 1013 2308 1076 Νεῶ-

240 1131 427 1172 σοιιιοι.
453 1130 463 1138 ·
514 1106 983 1194 Harpocration
1020 1107 1179 1176 item
1222 1108 1291 1174 in
1328 1091 1558 1197 Νεᾶςιοι
1585 1110 1682 1174 καὶ
1711 1110 1984 1176 νεώσοικοι
2018 1113 2310 1200 ἷΡοᾶειιιε

243 1207 679 1276 Demosthenis
724 1209 907 1276 Orat.
950 1210 1058 1276 De
1102 1209 1358 1278 Claffib.
1405 1231 1476 1298 p.
1513 1225 1550 1296 7
1553 1225 1622 1298 5.
1663 1213 1763 1279 Aa
1807 1215 2076 1297 διανεῖμαι
2113 1215 2308 1292 σάκους

244 1311 369 1376 δέκα
406 1319 512 1376 τῶν
546 1310 794 1400 νεωρίων,
836 1313 1218 1395 σκεψαμᾶνους
1256 1312 1394 1388 ὅπως
1431 1316 1504 1390 ὥς
1540 1314 1839 1400 ‘Tyrii-ara
1863 1317 2128 1395 ἀλλήλων
2152 1321 2306 1384 κατὰ

244 1413 529 1500 τριάκοντα
568 1412 675 1481 ὦσι
718 1413 1017 1480 νεώσοικοι.
1104 1416 1285 1482 Nam
1314 1415 1506 1501 νεώρια
1530 1417 1676 1482 sunt
1697 1417 1976 1499 navalia,
2007 1442 2150 1507 quoe
2183 1421 2304 1488 ha-

241 1516 387 1582 bent
412 1516 779 1605 complures
806 1518 1143 1597 νεωσοίκους,
1172 1518 1562 1606 singularum
1587 1520 1998 1608 receptacula
2024 1521 2300 1588 triremi-

246 1641 369 1684 um.
412 1619 777 1706 Stephanus
810 1619 1019 1700 Thes.
1050 1623 1130 1688 L.
1168 1621 1286 1686 Gr.
1326 1623 1404 1687 T.
1440 1623 1531 1688 11.
1572 1645 1640 1709 Ρ.
1678 1625 1866 1689 1006.
1939 1621 2304 1688 Schefferus

248 1719 431 1788 Milit.
474 1721 703 1788 Naval.
735 1723 860 1787 111.
889 1741 957 1806 4.
1032 1723 1137 1788 Est
1178 1735 1246 1788 et
1288 1743 1396 1810 ap.
1440 1723 1857 1792 Plutarchum
1901 1726 2076 1817 Opp.
2121 1725 2298 1790 Mor.

248 1845 308 1908 p.
336 1825 477 1907 841.
507 1825 603 1891 D.
648 1823 795 1910 852.
825 1825 907 1893 C.
959 1842 1103 1912 159.
1138 1828 1217 1890 E.
1286 1825 1628 1892 Aristidem
1655 1829 1742 1892 T.
1775 1829 1830 1894 Ι.
1858 1848 1924 1913 p.
1945 1845 2100 1913 541.

318 1946 461 2014 349.
495 1930 585 1993 D.
628 1925 971 2014 ’τροπ-ὖλαια]
1024 1926 1428 1996 Athenarum
1471 1929 1634 1994 areis
1673 1929 2023 2017 propylaea,
2075 1943 2295 2015 porta·

247 2049 374 2093 rum
412 2027 805 2109 vestibulum,
850 2027 1218 2117 Thucydidi
1264 2031 1355 2092 ΙΙ.
1394 2047 1496 2115 13.
1539 2034 1616 2092 τὰ
1656 2030 1976 2115 προπύλαια
1999 2035 2093 2106 τῆς
2120 2033 2295 2118 ἀκρο-

245 2129 430 2206 πόλεως
474 2131 730 2206 Periclis
774 2131 1033 2198 confilio
1075 2131 1246 2199 faeta
1295 2130 1677 2198 Plutarchus
1718 2132 1784 2196 in
1833 2131 1990 2219 Ejus
2031 2132 2188 2200 Vita
2229 2156 2294 2220 p.

252 2235 379 2299 160.
408 2235 484 2299 B.
575 2233 1049 2322 Harpocration
1088 2234 1157 2299 in
1203 2236 1385 2299 Voce
1425 2233 1766 2320 Προπύλαια
1809 2241 2017 2313 ταῦτα,
2068 2234 2298 2303 Cicero

249 2335 417 2401 Offic.
454 2337 545 2401 11.
582 2351 687 2420 17.
724 2349 793 2404 et
830 2334 1021 2404 multi
1048 2346 1411 2403 memorant
1437 2335 1622 2400 citati
1648 2336 1929 2404 Meurfio
1957 2335 2140 2402 Desit.
2167 2337 2296 2401 At·
2379 2395 2386 2404 .

246 2436 344 2501 tic.
372 2439 491 2502 VI.
518 2458 627 2524 33.

318 2560 459 2626 349.
484 2542 579 2606 D.
605 2540 1056 2627 ’Amsaeomqq
1100 2541 1281 2606 Hanc
1312 2541 1394 2606 ab
1421 2542 1728 2628 Agnone,
1759 2540 1970 2618 Niciae
1999 2539 2155 2621 filio,
2177 2563 2294 2608 co·
2412 2557 2422 2564 ·

246 2640 394 2710 lonis
444 2641 939 2710 Atheniensibus
994 2655 1373 2729 occupatam
1426 2640 1882 2732 conditamque
1933 2643 2158 2710 auRor
2209 2646 2296 2710 est

246 2743 631 2833 Thucydides
686 2746 804 2811 IV.
856 2764 1002 2811 102.
1061 2745 1387 2833 sexaginta
1431 2745 1616 2824 annis
1659 2745 1792 2833 post
1841 2745 2170 2834 expulsum
2216 2769 2296 2814 ex

247 2847 459 2914 Mileto
494 2871 533 2914 a
571 2847 775 2914 Dario
814 2847 1272 2936 Aristagoram.
1363 2847 1577 2934 Igitur
1613 2847 1812 2934 longo
1841 2860 2130 2934 tempore
2159 2850 2296 2940 post

242 2963 599 3036 occupatam
640 2962 712 3013 et
750 2947 1003 3018 colonia
1038 2948 1512 3036 stequentatam
1541 2971 1581 3014 a
1605 2947 1906 3014 Miltiade
1935 2947 2292 3016 Chersone·

244 3050 364 3116 sum
380 3079 400 3117 z
444 3051 791 3140 praesertim
830 3073 1029 3138 quum
1073 3051 1182 3118 hic
1217 3050 1413 3118 fuerit
1439 3049 1770 3116 Miltiades
1801 3047 2059 3137 Cypseli
2099 3049 2290 3131 filius,

242 3153 376 3216 teste
400 3153 739 3220 Herodoto
766 3153 888 3217 VI.
912 3172 1021 3239 34.
1053 3152 1182 3240 seq.
1214 3151 1478 3240 aequalis
1522 3163 1884 3236 temporum
1915 3149 2196 3216 Pisistrati
2224 3164 2293 3218 et
2381 3241 2386 3248 Δ

242 3249 458 3319 Croefi:
519 3276 651 3320 non
708 3252 763 3318 is
820 3253 933 3340 qui
981 3255 1193 3341 postea
1242 3252 1605 3320 Chersonesi
1661 3250 2004 3338 imperium
2061 3251 2292 3319 habuit

242 3337 551 3422 Miltiades
592 3353 890 3422 Cimonis
934 3355 1123 3434 filius,
1166 3354 1353 3442 cujus
1395 3353 1588 3422 vitam
1624 3353 1850 3440 Nepos
1888 3351 2189 3440 prodidit,
2217 3353 2287 3420 in

238 3479 350 3548 qua
372 3479 707 3546 perperam
731 3456 883 3524 huic
913 3457 1140 3526 tribuit
1165 3455 1435 3526 coloniae
1462 3454 1947 3553 Atheniensium
1973 3455 2042 3524 in
2071 3455 2286 3524 Cher·

238 3555 501 3624 sonesum
530 3559 1008 3626 deductionem.

309 3679 450 3746 349.
478 3663 569 3730 D.
612 3665 709 3740 τὴν
751 3660 1027 3748 Βρασίδου
1068 3656 1303 3745 ἀσπίδα]
1329 3656 1768 3745 ‘Thucydides
1797 3659 1915 3726 IV.
1943 3676 2045 3725 12.
2115 3657 2283 3724 Dio-

234 3757 407 3826 dorus
436 3761 566 3828 Sic.
598 3763 757 3828 XII.
790 3763 897 3830 62.

306 3883 448 3951 349.
477 3867 557 3928 E.
586 3863 824 3929 Νειλέου
856 3866 951 3928 nai
980 3861 1337 3950 Ἀνδρόκλου]
1387 3861 1586 3928 Codri
1615 3859 1749 3944 filii,
1773 3859 1971 3927 duces
1999 3858 2282 3924 Atheni-

233 3965 448 4032 enfium
499 3965 771 4032 coloniae
815 3966 883 4032 in
939 3965 1188 4032 Ioniam
1244 3963 1577 4059 deductae:
1639 3963 1970 4030 Pausanias
2014 3961 2172 4033 VII.
2219 3982 2280 4030 2.

118 4085 123 4092 ’
238 4063 443 4134 Strabo
486 4069 671 4135 XIV.
714 4066 901 4135 initio
938 4089 1006 4155 p.
1038 4067 1189 4154 938.
1266 4063 1644 4135 Plutarchus
1683 4066 1789 4131 De
1827 4064 1993 4140 Ε131.
2035 4086 2101 4150 p.
2131 4065 2282 4149 603.

238 4165 303 4230 B.
361 4170 477 4236 Pro
505 4167 807 4238 Androneo
835 4169 1166 4238 Himerius
1197 4170 1312 4236 Or.
1339 4171 1395 4234 I.
1426 4189 1529 4251 14.
1559 4190 1628 4255 p.
1651 4182 1802 4254 350.
1875 4167 2286 4234 Andronicum

242 4266 415 4338 dixit:
460 4287 535 4340 ut
561 4271 729 4342 bene
758 4271 915 4342 vidit
940 4271 1436 4346 Wernsdorfius‘.
1525 4272 1629 4337 De
1657 4268 1931 4342 coloniae
1959 4267 2158 4336 initiis
2188 4268 2280 4332 vi-

1190 4395 1302 4460 1⁶3
