2850 4817
541 263 610 319 18
834 260 912 319 D.
954 260 1050 318 W.
1091 262 1485 319 ANIMADV.
1524 260 1617 317 IN
1658 259 2125 320 PLUTARCHI
2170 259 2326 321 LIB.

532 421 810 485 Xerxem
846 418 1127 507 pertinet
1163 418 1450 505 prodidit
1480 416 1854 484 Herodotus
1882 419 2039 483 VII.
2083 418 2192 506 38.
2237 438 2347 505 39.
2438 419 2599 482 Pru-

533 520 819 585 dentiam
863 519 1147 585 mulieris
1175 519 1242 585 in
1272 520 1551 586 sananda
1586 518 1800 584 mariti
1832 518 2113 597 avaritia,
2144 516 2433 581 neutrius
2474 539 2597 581 no-

533 622 709 687 mine
735 622 1047 708 apposito,
1070 622 1390 687 rhetorica
1417 643 1619 709 eaque
1639 619 2034 708 pereleganti
2055 619 2437 685 Narratione
2460 616 2602 705 per-

533 723 788 788 secutus
826 722 912 789 est
953 722 1360 810 Nicephorus
1388 722 1685 802 Basilaca‚
1714 722 1779 785 in
1809 720 2141 807 Excerptis
2170 720 2442 806 Sophist.
2473 720 2599 785 Al-

533 822 670 889 latii
713 847 782 911 p.
819 844 967 911 143.
1011 826 1118 890 eui
1160 825 1527 891 Nax-rationi
1561 823 1961 910 praescriptus
1995 823 2083 887 est
2122 820 2350 886 titulus
2383 822 2603 907 Διήγη-

499 929 510 942 “
534 953 646 1009 μα,
677 926 706 990 ὃ
735 929 831 990 καὶ
861 927 1239 1014 Πλούταρχος
1273 933 1326 993 ἐν
1363 927 1769 1013 Παραλλῆλοις
1796 928 2082 1010 διηγεῖται·
2131 924 2305 1011 quod
2336 923 2492 1011 quin
2519 923 2603 988 ad

537 1026 712 1093 hunc
743 1029 972 1117 ,locum
1021 1029 1452 1109 referendum,
1504 1043 1573 1093 et
1619 1028 2024 1115 Παραλλῆλοις
2071 1025 2152 1090 ab
2196 1047 2409 1089 errore
2448 1046 2601 1112 pro·
2669 1058 2679 1063 -

537 1129 780 1195 fefflmm
825 1133 921 1210 fit,
966 1120 1244 1198 dubitari
1284 1130 1530 1221 nequit.
1622 1130 1947 1195 Caeterum
1991 1127 2057 1191 in
2093 1117 2487 1192 'historiolam
2520 1127 2603 1192 de

541 1232 732 1318 Pythi
759 1233 993 1300 divitiis
1020 1234 1367 1322 aliquidex
1392 1232 1596 1297 Midae
1625 1232 1841 1298 fabula
1869 1230 2103 1295 fluxiss‘e
2132 1228 2401 1294 videtur.
2443 1226 2602 1294 Vid.

539 1335 760 1401 Schol.
790 1337 1115 1423 Aristoph.
1149 1337 1316 1403 Plut.
1351 1337 1500 1421 287.
1567 1326 1577 1333 ⁵

624 1457 692 1523 p.
729 1441 874 1525 263.
906 1441 989 1504 A.
1037 1439 1246 1527 Ξέςξου
1277 1438 1751 1522 καταβαίνοντος.]
1806 1438 1997 1501 Hanc
2028 1448 2274 1521 partem
2303 1432 2605 1499 Herodo-

540 1549 648 1601 tus
690 1537 825 1603 fuse
866 1554 1082 1604 narrat
1112 1542 1267 1606 VII.
1309 1540 1588 1625 27-38,
1616 1539 1948 1603 hominem
1985 1538 2186 1601 Πύθιον
2226 1537 2598 1602 nominans:
2726 1578 2737 1581 -

540 1654 617 1704 ut
657 1640 789 1706 fere
828 1642 937 1706 alii
975 1655 1043 1707 et
1088 1642 1324 1707 Plinius
1369 1645 1460 1707 H.
1500 1644 1589 1707 N.
1632 1642 1956 1706 XXXIII.
1993 1656 2103 1725 47.
2145 1640 2256 1705 ubi
2290 1638 2601 1703 videndus

427 1758 452 1777 N
543 1741 940 1809 HarduinuS.

629 1848 777 1930 263.
807 1846 894 1910 A.
923 1850 1168 1933 παρεῖναι
1195 1852 1290 1923 τῆς
1319 1846 1645 1935 στρατείας]
1674 1850 1759 1915 Et
1786 1848 2075 1934 Bryanus
2104 1845 2188 1909 ad
2214 1845 2398 1912 Vitas
2427 1845 2599 1911 Plut.

539 1949 694 2019 Vol.
739 1949 826 2011 II.
868 1970 934 2034 p.
962 1950 1116 2032 564,
1145 1949 1371 2014 vitium
1399 1950 1595 2037 hujus
1626 1949 1755 2014 loci
1781 1947 2247 2028 animadvertit,
2276 1948 2601 2043 corrigens

538 2049 788 2137 παριέναι
819 2054 908 2125 τῆς
935 2050 1252 2137 στρατείας·
1300 2050 1475 2116 verbi
1501 2050 1775 2115 formam
1805 2065 2045 2116 temere
2072 2060 2329 2113 mutans
2345 2074 2365 2129 3
2410 2048 2599 2136 fiqui-
2700 2115 2707 2122 ,

541 2151 692 2216 dem
740 2155 989 2238 παρεῖναι
1033 2166 1101 2217 et
1141 2154 1517 2239 exquisitum
1560 2166 1627 2218 et
1674 2153 2013 2235 Plutarcho
2058 2175 2188 2217 non
2233 2152 2602 2239 infrequens

533 2253 668 2319 est:
715 2254 893 2339 opp.
931 2255 1106 2317 Mor.
1146 2275 1214 2340 p.
1261 2269 1404 2339 137.
1446 2256 1535 2319 D.
1585 2272 1772 2339 1127.
1809 2255 1888 2318 B.
1932 2254 2067 2319 Vit.
2095 2270 2247 2340 593.
2281 2253 2360 2318 C.
2412 2270 2600 2321 1022.

538 2355 628 2419 A.
679 2356 864 2438 1067.
892 2354 971 2417 B.
1061 2354 1284 2418 Simile
1320 2355 1406 2418 est
1447 2354 1735 2419 Metonis
1770 2356 2150 2437 Astronomi,
2182 2355 2465 2443 rogantis
2502 2358 2599 2420 A·

542 2456 902 2521 thenienses
932 2454 1022 2518 τδν
1050 2457 1156 2520 υἲόν
1185 2459 1335 2541 αὐτῷ
1359 2457 1645 2542 παρεθῆναι
1685 2463 1781 2536 τῆς
1820 2456 2141 2545 στρατείας,
2169 2457 2237 2522 in
2268 2457 2601 2524 Alcibiade

546 2577 694 2625 200.
727 2560 813 2623 A.
915 2598 922 2607 ·

631 2661 778 2744 263.
811 2662 889 2723 Β.
930 2662 1008 2723 ‘0
1053 2661 1106 2723 δὲ
1150 2659 1358 2748 Ξέρξης
1399 2664 1487 2725 ὑπ’
1531 2665 1717 2749 ὀργῆς]
1766 2665 2009 2729 Seneca
2041 2662 2145 2727 De
2184 2665 2288 2728 Ira
2324 2664 2451 2727 III.
2497 2671 2599 2747 17'.

541 2760 669 2827 hoc
699 2761 942 2825 faeium
967 2782 1119 2825 cum
1147 2762 1328 2826 fimili
1354 2762 1535 2828 Darii
1563 2772 1716 2851 er'ga
1740 2766 2072 2830 OEbazum
2100 2764 2273 2852 apud
2286 2764 2601 2831 'eumdem

541 2861 953 2929 Herodotum
981 2864 1100 2929 IV.
1133 2865 1239 2946 84.
1271 2865 1528 2952 prodito
1557 2888 1969 2953 compatanp:
2019 2868 2109 2933 At
2132 2881 2353 2957 quanto
2370 2868 2605 2933 Xerxes

469 3031 474 3035 ,
518 2964 828 3051 facilior?
866 2966 970 3052 qui
999 2966 1232 3049 Pythio,
1265 2967 1807 3056 quinquefiliorum
1827 2970 2018 3058 patri,
2045 2971 2223 3035 unius
2241 2971 2606 3035 vacationem

531 3067 781 3155 petenti,
812 3090 978 3153 quem
1015 3066 1196 3130 vellet
1234 3067 1452 3155 eligere
1467 3070 1731 3159 permisit
1751 3096 1771 3134 .·
1818 3072 2027 3135 deinde
2053 3096 2219 3161 quem
2250 3072 2509 3160 elegerat
2542 3072 2609 3137 in

533 3182 740 3257 partes
788 3171 938 3233 duas
982 3166 1318 3254 dssrac‘z‘um
1365 3174 1441 3235 ab
1486 3183 1729 3260 utroque
1761 3173 1887 3237 viae
1928 3173 2114 3238 latere
2145 3176 2357 3262 peficit,
2401 3187 2459 3238 et
2498 3176 2611 3238 hac

496 3290 510 3302 ··
539 3260 788 3337 {Aestima
823 3269 1101 3356 lestravit
1132 3272 1465 3338 exercitum.
1556 3274 1793 3339 Habuit
1825 3277 2023 3364 itaque
2052 3302 2222 3365 quem
2250 3277 2453 3341 debuit
2478 3277 2607 3341 exi-

543 3383 667 3434 tum
688 3396 709 3435 .·
753 3372 949 3434 vidus
978 3385 1033 3434 et
1061 3372 1183 3436 late
1217 3372 1499 3461 longeque
1516 3374 1703 3463 fusus
1740 3400 1812 3440 ac
1828 3375 2093 3463 stratam
2124 3377 2340 3465 ubique
2371 3377 2608 3443 ruinam

520 3476 707 3562 suam
737 3494 996 3551 cernens,
1028 3474 1250 3535 medius
1280 3474 1434 3538 inter
1440 3476 1693 3563 suorum
1722 3478 2025 3542 cadavera
2052 3478 2290 3565 incfft.

632 3575 781 3659 263.
813 3574 891 3636 Β.
928 3572 1166 3637 θάνατον’
1181 3578 1449 3657 ἐφοβεῖτο,
1479 3583 1558 3662 τῷ
1585 3577 1692 3663 βίῳ
1714 3580 1775 3641 δὲ
1802 3579 2029 3665 ἤχθετο]
2068 3579 2260 3645 Plena
2283 3579 2615 3668 gravitatis

544 3687 615 3739 et
655 3673 936 3739 veritatis
980 3674 1263 3739 notatio:
1313 3699 1592 3763 quacum
1623 3679 1898 3743 conferri
1926 3694 2209 3745 meretur
2236 3677 2467 3756 nobilis
2502 3680 2612 3745 ille

539 3777 728 3841 locus
767 3775 1217 3862 Xenophontis
1247 3778 1311 3841 in
1359 3779 1706 3868 Cyropaed.
1745 3784 1831 3848 V.
1876 3804 1944 3869 p.
1994 3785 2154 3848 116:
2200 3785 2305 3849 εἰσ-ἱ
2332 3786 2456 3867 μὲν,
2490 3783 2613 3867 ἔφη,

543 3886 590 3944 οἳ
627 3885 857 3943 τοιοῦτοι
897 3878 1186 3967 μοχθηροί·
1234 3879 1411 3966 διόπερ
1456 3880 1631 3963 οἶμαι,
1674 3884 1773 3973 καὶ,
1807 3882 2065 3969 εὔχονται
2091 3887 2193 3968 μὲν
2221 3888 2306 3949 ἀεὶ
2335 3888 2405 3961 ὥς
2431 3884 2612 3949 ἄθλιοι

520 3981 686 4059 ,ὄντες
718 3980 1015 4043 ἀποθανεῖν·
1049 3978 1252 4066 μυρίων
1279 3984 1320 4045 δ’
1353 3986 1524 4054 οὐσῶν
1549 3993 1817 4070 μηχανῶν
1844 3990 2189 4072 ἀπαλλαγῆς
2216 3983 2311 4051 τοῦ
2338 3987 2485 4068 βίου,
2514 3990 2613 4050 οὐκ

543 4081 1028 4147 ἀπαλλάττονται.
2702 4074 2710 4081 “

610 4186 888 4271 ι263μΒ.
916 4184 1321 4272 Πυθοπολίτην]
1373 4187 1574 4252 Hune
1616 4188 1881 4255 fluvium
1924 4189 2227 4255 eumdem
2267 4188 2463 4256 videri
2492 4188 2611 4254 effe
