2850 4817
405 327 763 394 DESERA
802 327 1157 388 NUMINIS
1198 327 1602 398 VINDICTA.
1649 349 1708 408 p.
1737 328 1872 405 556.
1904 329 1980 398 D,
2007 331 2080 388 Ε.
2197 331 2310 407 381

222 487 463 553 Quam
495 510 663 567 vere,
686 487 849 552 nihil
871 487 971 560 ad
982 508 1159 552 rem:
1209 487 1587 552 Plutarchus
1613 499 1810 568 certe,
1841 510 1924 554 an
1954 501 2142 554 caute
2172 489 2315 554 satis

217 589 369 654 hoc
417 603 803 676 argumento
852 603 1079 656 contra
1124 577 1497 676 EpicureOS,
1537 591 1646 679 qui
1693 590 2153 676 providentiam
2199 609 2314 654 ne'-
2363 669 2374 680 .

217 706 426 779 gant,
468 695 617 758 usus
658 693 753 772 fit,
796 692 926 779 ipse
971 693 1215 758 viderit.
1218 699 1425 780 -Γὰρ
1469 693 1642 780 quod
1693 693 1862 786 Coll.
1908 693 2162 759 Schott.
2192 697 2310 760 M

218 795 397 861 Ald.
428 808 498 860 et
520 797 601 859 T.
630 797 716 861 V.
748 795 825 860 B.
854 795 1169 913 praebent,
1203 818 1353 860 cum
1383 795 1738 890 orationem
1767 809 1918 922 apte
1945 797 2310 876 οοῐιῐιθᾶαῑ,

320 1000 477 1085 556.
523 1001 611 1064 D.
656 997 881 1086 Ὥσπερ
936 999 1143 1087 ἔφεδρον
1197 999 1458 1080 ἀνίστημι
1508 1003 1602 1076 τὴν
1649 927 1970 1064 τελευταίαν
2021 999 2304 1086 ἀπορίαι]

223 1103 395 1168 Non
433 1087 679 1167 videtur
719 1101 945 1188 cepisse
980 1101 1290 1187 interpres
1326 1102 1455 1166 vim
1494 1101 1662 1167 vocis
1705 1101 1934 1187 ἔφεδρος,
1979 1123 2128 1166 cum
2173 1125 2310 1167 ver-

217 1201 361 1276 ,titt
408 1204 554 1266 Jam
578 1203 732 1267 enim
756 1228 861 1290 ego
889 1201 1161 1266 ultimam
1189 1202 1623 1282 dubitationem,
1647 1229 1786 1290 quae
1812 1203 2029 1268 exitum
2049 1205 2311 1290 priorum

224 1305 617 1392 quaestionum
654 1304 1010 1368 mediocriter
1024 1307 1183 1391 sane
1200 1305 1540 1391 filatarum
1572 1304 1914 1393 praestolata
1953 1306 2046 1389 est,
2087 1308 2152 1372 in
2185 1333 2309 1384 me-

222 1407 402 1472 dium
444 1407 687 1472 adduco.
776 1407 883 1470 Est
918 1420 1135 1472 autem
1175 1408 1241 1472 in
1279 1408 1628 1474 Athleticis
1671 1409 2129 1475 certaminibus
2164 1412 2306 1476 suc-

226 1510 658 1589 centuriatus,
684 1509 803 1574 five
829 1505 1170 1589 tertiariuS,
1201 1509 1311 1596 qui
1328 1511 1543 1597 sedens
1579 1511 1977 1598 expeciabat,
2008 1525 2106 1590 ut,
2140 1511 2306 1578 duo-

228 1614 357 1680 bus
396 1611 581 1678 sociis
618 1611 820 1689 viais,
860 1611 991 1696 ipse
1033 1611 1261 1676 tertius
1291 1633 1441 1676 cum
1475 1612 1708 1678 victore
1737 1629 2060 1678 certamen
2090 1613 2302 1680 iniret.

228 1713 405 1780 Vide
449 1713 845 1800 Scaligerum
890 1713 969 1778 ad
1013 1713 1245 1778 Manil.
1291 1735 1359 1800 Ρ.
1399 1733 1552 1797 417.
1597 1728 1664 1779 et
1694 1717 1814 1778 Ez.
1845 1714 2192 1801 Spanhem.
2223 1715 2307 1779 a‘d
2365 1727 2372 1734 ·

234 1815 619 1882 callimach.
668 1817 757 1880 H.
800 1815 865 1880 in
904 1816 1055 1881 Del.
1094 1817 1177 1880 vs.
1214 1834 1355 1901 125.
1386 1811 1459 1881 et'
1482 1816 1562 1882 ad
1591 1817 1980 1892 Julian.‚0r.
2015 1819 2070 1881 I.
2099 1839 2168 1902 p.
2193 1837 2304 1902 31.

230 1919 311 1984 B.
360 1917 585 2011 ,Weffi
617 1918 704 1990 D.
740 1917 807 1982 S.
840 1918 896 1980 Ι.
925 1939 993 2003 p.
1025 1937 1169 2004 293.

316 2023 472 2107 556.
504 2021 593 2085 D.
632 2018 1433 2108 Εὖριπῖδης--παῤῥησιᾶζεται
1461 2021 1590 2108 πρὸς
1614 2021 1736 2094 τοὺς
1763 2021 1926 2100 θεοὺς,
1950 2024 2025 2084 τοὶ
2061 2030 2170 2084 τῶν
2206 2047 2303 2085 τε-

232 2124 437 2189 κόντων
474 2122 793 2202 σφάλματα
822 2125 894 2196 εἰς
926 2123 1050 2197 τοὺς
1077 2121 1335 2208 ἐγγόνους
1360 2121 1680 2207 τρέποντας]
1733 2121 2008 2209 Respicit
2045 2122 2128 2187 ad
2166 2125 2300 2188 Eu-

228 2225 455 2311 ripidis
498 2225 742 2290 versum
786 2247 865 2288 ex
907 2224 1238 2310 deperdita
1280 2224 1496 2288 fabula
1537 2225 1950 2289 Alcmaeone:
2003 2225 2198 2311 quod„
2225 2247 2305 2291 ex

232 2329 496 2393 Stobaeo
522 2328 784 2406 constat,
818 2327 929 2414 qui
956 2327 1235 2392 eundem
1263 2327 1527 2392 exhibet
1553 2329 1620 2392 S.
1651 2329 1993 2428 LX3V11.
2026 2349 2094 2414 Ρ.
2115 2341 2268 2412 454.

487 2435 581 2494 Ta
607 2438 715 2495 τῶν
740 2429 1001 2494 τεκόντων
1028 2433 1097 2504 ὥς
1124 2429 1462 2516 μετέρχεται
1491 2431 1601 2504 θεὸς

488 2536 842 2614 Μιάσματα.

234 2632 362 2696 Sed
404 2633 496 2696 H.
548 2633 813 2698 Grotius
859 2635 1159 2718 Excerpt.
1213 2632 1407 2720 Trag.
1462 2654 1528 2717 Ρ.
1571 2651 1723 2714 422.
1747 2631 2183 2712 'audini-itate,
2235 2631 2303 2696 ni

230 2734 443 2815 fallor,
472 2734 601 2808 loci
631 2735 823 2822 hujus
856 2734 1239 2815 Plutarchei,
1270 2735 1514 2822 versum
1545 2735 1637 2800 ita
1663 2735 2028 2832 constituit3

484 2841 579 2899 Τοὶ
605 2844 713 2900 τῶν
739 2834 1003 2900 τεκόντων
1031 2836 1327 2919 σφάλματ’
1356 2841 1428 2911 εἰς
1459 2837 1582 2911 τοὺς
1609 2836 1861 2922 ἐκγόνους

486 2941 624 3002 Θεοὶ
654 2937 935 3026 τρέπουσι.
959 3017 966 3024 .

230 3061 306 3105 ac
336 3039 548 3121 vertit,

396 3181 407 3190 ·
482 3143 561 3206 In
582 3142 929 3231 posterorum
954 3142 1159 3230 capita
1178 3165 1297 3208 mos
1324 3143 1447 3208 Dis
1469 3155 1695 3222 vertere

489 3243 714 3332 Calpas
732 3257 1066 3332 parentum.

228 3349 332 3412 De
360 3347 489 3412 hoc
510 3346 767 3434 Tragici
790 3347 993 3425 versu,
1020 3359 1087 3410 et
1108 3344 1415 3432 opinione
1439 3357 1750 3422 veterum,
1778 3344 1956 3408 Deos
1982 3341 2298 3429 majorum

228 3461 492 3537 peccata
519 3449 585 3513 in
611 3449 869 3536 posteris
892 3447 1144 3536 punire,
1166 3445 1429 3534 egregia
1450 3445 1631 3510 dedit
1664 3445 1807 3512 Cel.
1836 3445 2301 3510 Valckenarius

228 3549 307 3614 ad
336 3549 631 3615 Phoeniff.
661 3551 743 3615 vs.
769 3569 920 3636 941.
948 3564 1015 3616 et
1044 3547 1312 3636 Hippol.
1343 3547 1427 3612 vs.
1454 3548 1602 3614 826.
1631 3547 1738 3611 cui
1763 3547 1928 3614 adde
1951 3549 2072 3612 ΕΖ.
2099 3549 2303 3633 Span-

228 3653 405 3717 hem.
436 3650 518 3716 ad
545 3645 923 3716 Callimach.
961 3673 1028 3737 p.
1062 3653 1140 3718 26
1142 3665 1183 3735 5
1192 3650 1465 3714 e-Mox
1495 3647 1678 3713 Harl.
1709 3649 1770 3712 τὸ
1799 3646 1998 3740 ἀὸξκώς
2025 3654 2121 3712 τοῦ
2147 3651 2301 3734 figa-

229 3753 377 3830 ὃὲως.
426 3753 598 3820 Coll.
630 3753 880 3819 Schott.
909 3754 1012 3819 Μ.
1042 3751 1197 3817 Ald.
1228 3754 1307 3828 T.
1339 3752 1425 3817 V.
1457 3753 1532 3815 B.
1561 3756 1641 3814 τῶ
1668 3753 1731 3814 ἆ.
1761 3757 1856 3815 τοῦ
1882 3753 1980 3836 βρ.

310 3858 463 3944 556.
496 3860 573 3924 Ε.
622 3858 877 3923 Αἴσωπον
907 3857 1113 3944 ἔχοντα
1138 3857 1290 3943 παραὶ
1318 3854 1561 3939 Κροίσου
1587 3853 1822 3940 χρυσίον
1851 3880 1910 3918 κ.
1940 3878 1998 3916 τ.
2031 3853 2122 3937 λ.]
2174 3852 2299 3916 Res

232 3973 380 4026 nota
408 3959 516 4024 cst.
576 3959 863 4025 videndi
890 3960 1037 4025 sunt
1062 3959 1130 4022 J.
1161 3959 1248 4021 A.
1282 3955 1527 4024 Fabric.
1555 3956 1633 4021 B.
1679 3957 1765 4020 G.
1804 3957 1883 4022 Τ.
1922 3955 1976 4018 Ι.
2005 3975 2071 4041 Ρ.
2098 3973 2225 4040 392
2239 3951 2410 4026 b.64

575 4176 598 4209 Β
634 4178 817 4226 Zenob.
841 4178 880 4225 1.
898 4187 979 4233 47.
1026 4177 1325 4238 Diogenian.
1350 4175 1389 4222 1.
1411 4183 1490 4225 46.
1523 4175 1811 4223 .Hi-merius.
1839 4184 1948 4225 ⁵94.
