2850 4817
290 348 567 409 ΑΤΗΕΝ.
608 347 883 408 nuno
922 349 1035 408 AN
1072 347 1369 410 noem.
1414 347 1645 408 cun.
1685 369 1744 430 p.
1774 365 1912 428 345·
1939 349 2010 419 c,
2039 349 2120 410 n.
2167 365 2278 428 ¹3⁷

244 505 473 572 laudem
500 506 674 573 laudi
702 505 1126 596 imperatorie
1164 507 1602 596 postposuerit,
1641 521 1710 574 et
1751 506 1846 574 illi
1881 509 1968 575 ab
1999 508 2282 576 homini·
2351 587 2370 600 ο

244 608 345 672 bus
368 606 573 674 doctis
597 621 667 674 et
698 609 875 696 pacis
918 609 1151 674 artium
1194 607 1474 675 studiosis
1498 607 1762 696 jafflnae
1800 607 2132 676 sententia!
2165 611 2282 675 Ge-

241 709 368 773 dant
404 734 573 774 arma
623 723 801 798 togae,
845 711 1117 778 concedat
1151 711 1628 798 laurea-lingna·
1667 713 2052 780 contrariam
2079 709 2280 780 thesin

240 812 548 878 ornaverit.
1675 807 1684 816 0

310 934 371 999 p.
399 927 549 999 345.
582 914 665 978 C.
707 917 908 977 Ταῦτα
949 915 1108 1001 ὀρθῶς
1152 915 1375 1000 imvm]
1419 913 1684 980 Dictum
1719 915 2160 982 Themistoclis
2193 917 2282 983 est

240 1015 391 1100 apud
448 1015 886 1096 Plutarchum,
932 1018 1118 1103 supra
1156 1005 1227 1105 'p.
1272 1037 1421 1103 270.
1467 1019 1548 1083 C.
1601 1037 1754 1104 320.
1791 1021 1862 1083 F.
1907 1018 2064 1086 Vita
2103 1020 2280 1086 The-

239 1115 483 1182 mistocl.
512 1139 581 1204 p.
612 1137 757 1183 121.
788 1118 866 1182 B.

309 1233 450 1304 345.
482 1221 573 1284 D.
604 1219 954 1306 Κράτιππος]
1009 1219 1272 1287 Constat
1312 1219 1489 1286 hunc
1527 1219 1924 1309 Thucydidis
1960 1221 2282 1289 historiam

237 1319 623 1406 suppleviffe3
670 1321 845 1409 quod
888 1321 981 1386 ita
1026 1321 1522 1408 interpretamur
1561 1335 1638 1388 ut
1675 1322 1740 1388 in
1777 1323 1999 1410 primis
2041 1347 2140 1390 res
2169 1324 2282 1392 illo

240 1422 523 1511 temporis
554 1423 781 1512 spatio,
814 1423 991 1511 quod
1022 1423 1437 1512 Thucydides
1479 1426 1854 1512 complexus
1887 1440 2049 1506 erat,
2078 1429 2282 1514 gestas

240 1538 297 1589 et
336 1528 413 1592 ab
461 1527 574 1593 illo
619 1525 1085 1614 praetermiffas,
1130 1526 1505 1616 colligeret:
1553 1541 1694 1594 tum
1735 1540 1804 1593 et
1841 1529 2052 1616 postea
2077 1530 2282 1616 gestas

241 1627 669 1717 subjungeretz
719 1652 875 1716 quas
925 1629 1254 1716 quousque
1298 1629 1788 1710 continuaverit,
1839 1653 1969 1695 non
2014 1633 2278 1697 constat.

242 1729 371 1796 Nec
395 1731 699 1818 postulare
728 1731 1053 1819 poffumus
1080 1743 1157 1796 ut
1186 1730 1562 1797 Plutarchus
1585 1731 1650 1796 in
1676 1731 1804 1798 hoc
1827 1732 2282 1801 declamatorio

245 1830 453 1919 scripto
489 1833 801 1899 terminos
839 1833 1047 1920 operis
1084 1833 1415 1922 Cratippei
1461 1847 1760 1898 accurate
1787 1827 1854 1898 ‘et
1881 1855 2032 1910 cum
2057 1847 2280 1922 gram·

248 1934 454 2000 matica
498 1935 624 2000 fide
674 1934 1068 2014 definiverit3
1130 1955 1260 1999 non
1310 1934 1544 2022 magis,
1596 1957 1789 2022 quam
1839 1936 2279 2023 Thucydideiz

251 2034 407 2123 cujus
448 2059 575 2102 non
624 2037 880 2102 initium
920 2051 988 2102 et
1026 2035 1219 2102 finem
1264 2035 1630 2122 designavit,
1659 2036 1765 2101 sed
1805 2034 2068 2102 illustres
2099 2039 2284 2125 quac-

249 2133 375 2202 dam
400 2153 607 2224 partes
634 2137 717 2202 de
746 2137 963 2203 medio
990 2137 1349 2223 expromfit.
1437 2137 1543 2202 De
1573 2137 1862 2224 Cratippi
1888 2137 2148 2224 quidem
2179 2161 2282 2205 ar-

248 2253 533 2324 gumento
573 2253 641 2306 et
679 2241 881 2327 spatio
918 2241 1009 2306 ita
1044 2239 1411 2328 colligimus
1441 2261 1520 2306 ex
1544 2240 1850 2329 Dionysio
1880 2241 2031 2306 Hal.
2063 2241 2281 2308 Judic.

249 2339 317 2404 de
352 2341 638 2431 Thucyd.
671 2343 735 2431 §.
766 2345 867 2407 16.
940 2343 1325 2409 Marcellino
1365 2342 1505 2410 Vit.
1534 2341 1832 2431 Thucyd.
1860 2364 1924 2430 p.
1952 2345 2015 2408 6.
2091 2344 2280 2410 Pseu-

249 2441 683 2510 do-Plutarcho
710 2446 845 2509 Vit.
877 2447 963 2508 X.
1003 2445 1181 2510 Orat.
1212 2465 1279 2532 p.
1307 2444 1455 2531 834.
1487 2447 1576 2510 D.
1645 2444 1990 2531 Cratippus
2019 2445 2282 2533 quidem

246 2544 584 2635 Thucydidi
613 2547 983 2628 συνακμάσας
1011 2545 1159 2625 fuit,
1186 2559 1261 2611 ut
1292 2547 1383 2612 ait
1414 2546 1776 2633 DionyfiuS,
1807 2546 1872 2610 id
1897 2547 1984 2612 est
2003 2548 2284 2635 aqualis,

245 2645 469 2734 ᾐιψίωιι
494 2645 719 2728 ιεωιιῖς,
750 2671 957 2735 eoque
988 2649 1202 2714 adhuc
1238 2647 1378 2713 vivo
1421 2647 1618 2735 hujus
1661 2647 1977 2714 historiam
2024 2649 2282 2739 supple·

248 2748 344 2828 vit,
372 2745 561 2832 certe,
592 2773 693 2816 res
723 2751 858 2838 post
884 2749 1054 2816 hanc
1083 2749 1377 2837 scriptam
1410 2763 1479 2814 et
1507 2749 1647 2813 vivo
1673 2748 1883 2814 adhuc
1903 2751 2286 2840 Thucydide

248 2853 425 2937 gestas
467 2853 700 2940 scripto
738 2851 1166 2939 corffignavit3
1210 2850 1517 2938 fiquideni
1560 2849 1669 2915 hic
1711 2851 1874 2916 obiit
1911 2852 2282 2940 olympiad.

250 2953 415 3020 XCV
419 2957 503 3020 11.
532 2976 561 3020 1
577 3002 591 3019 .
624 2968 701 3019 ut
728 2954 1075 3041 suspicatus
1102 2954 1189 3018 est
1214 2953 1592 3018 Dodwellus
1619 2964 1687 3017 et
1715 2953 2042 3018 assentitur
2071 2955 2284 3019 Corfi-

250 3040 526 3123 nus‘Fast.
554 3057 766 3122 Attio.
798 3056 949 3122 Vol.
974 3058 1099 3120 ΙΙΙ.
1126 3077 1191 3142 p.
1221 3057 1369 3142 289.
1426 3055 1715 3121 νὶἇὶοτίει
1743 3070 1960 3120 autem
1995 3041 2285 3123 Cononis
2317 3067 2324 3082 ¹

249 3157 318 3220 ad
344 3159 618 3223 Cnidum
648 3157 925 3246 contigit
952 3158 1084 3222 fere
1114 3157 1389 3222 triennio
1415 3169 1630 3222 antea.
1715 3159 2048 3235 Attamen,
2081 3180 2284 3244 quum
2375 3243 2388 3252 α

248 3259 599 3348 Thrasybuli
641 3273 709 3325 et
756 3259 1042 3324 Cononis
1084 3281 1183 3324 res
1232 3259 1351 3324 sint
1395 3280 1540 3345 pars
1589 3257 2014 3324 Hellenicorum
2059 3262 2283 3327 Xeno-

249 3361 505 3446 phontis,
553 3364 918 3450 horumque
959 3362 1211 3430 mentio
1247 3383 1286 3426 a
1330 3361 1672 3426 Plutarcho
1717 3363 2284 3448 praetermittatur3

249 3464 593 3554 facile.quis
638 3465 704 3530 in
746 3487 885 3530 eam
934 3463 1353 3551 suspicionem
1394 3463 1658 3543 incidat,
1699 3464 1941 3552 aliquid
1979 3465 2103 3531 hoc
2141 3467 2286 3533 loco

245 3568 536 3649 excidisse,
556 3599 563 3609 ·
580 3567 757 3656 quod
780 3567 1173 3632 mentionem
1202 3565 1371 3631 illius
1397 3565 1609 3652 operis
1638 3567 2096 3654 Xenophontei
2125 3591 2285 3634 con-

246 3669 527 3751 tinuerit3
574 3669 921 3760 praesertim
966 3692 1166 3756 quum
1204 3669 1347 3735 aliis
1386 3669 1452 3733 in
1487 3668 1666 3734 libris
1709 3669 2086 3736 Plutarchus
2111 3671 2286 3737 illius

246 3771 601 3838 auctoritate
623 3785 691 3836 et
710 3769 1071 3836 testimonio
1088 3781 1329 3834 utatur.
1407 3767 1660 3832 Archim‘
1679 3769 1924 3834 mentio
1955 3769 2125 3855 apud
2149 3771 2286 3835 Xe-

248 3873 628 3956 nophontem
686 3893 888 3960 quum
940 3867 1115 3934 nulla
1162 3870 1293 3949 fiat,
1342 3868 1761 3957 relinquenda
1812 3869 1956 3932 haec
1999 3869 2086 3933 est
2130 3869 2290 3934 Cra-

249 3971 436 4059 tippo.
519 3975 785 4062 Ἀρχίνου
824 3972 997 4038 enim
1039 3971 1166 4036 hoc
1206 3971 1353 4036 loco
1387 3971 1840 4059 corrigendum
1877 3970 1998 4034 effe
2037 3969 2290 4036 historia

248 4071 480 4142 illorum
518 4090 885 4164 temporum
922 4075 1138 4154 docet,
1177 4087 1246 4140 et
1287 4075 1544 4140 monuit
1573 4074 1884 4164 Taylorus
1933 4073 2016 4137 ad
2064 4071 2290 4140 Vitam

248 4173 425 4262 Lyfiae
468 4201 535 4267 p.
569 4197 679 4264 51.
724 4190 791 4246 et
828 4177 1014 4265 plura
1052 4177 1133 4242 de
1170 4175 1305 4243 viro
1345 4176 1565 4242 attulit
1595 4175 2020 4242 Ruhnkenius
2053 4173 2288 4242 Histor.

254 4274 394 4344 Crit.
422 4281 535 4348 Or.
566 4283 688 4347 Gr.
716 4302 784 4368 p.
812 4299 923 4363 42.
1009 4277 1387 4367 Thrasybuli
1433 4296 1594 4364 quos
1632 4277 1790 4342 dicit
1815 4277 1938 4352 τοὺς
1966 4278 2072 4342 ἀπὸ
2099 4282 2290 4354 Φυλῆς
