2850 4817
551 353 1028 415 rmum
1067 354 1367 415 GRAECA
1401 356 1509 415 m*
1546 354 1914 417 nomm.
2196 376 2275 439 79

197 513 606 586 taoeheorum
643 512 960 579 diversum
1001 514 1376 601 agnoscens,
1403 536 1607 602 eaque
1642 514 1987 583 Plutarcho
2012 518 2117 607 abj
2126 519 2273 585 udi-

197 638 362 682 oens
395 628 467 681 et
507 616 592 681 ad
643 615 1002 681 Christiana
1052 630 1346 705 tempora
1395 618 1709 707 rejiciens,
1756 631 1975 687 tamen
2018 610 2278 689 molesta

199 720 630 807 disputatione
677 719 1056 806 persuadere
1093 720 1475 801 connititur,
1506 744 1585 787 ea
1612 720 1935 789 Plutarchi
1960 746 2129 811 opus
2154 726 2277 793 effe

205 823 400 909 poffe.
479 821 694 887 Nobis
719 820 1005 909 quidem,
1033 834 1104 887 et
1125 822 1412 911 quisquis
1440 822 1537 889 vel
1570 823 1907 909 paululum
1936 828 2280 895 consuetu-

205 924 378 989 dinis
413 925 610 991 habet
645 924 952 989 orationis
994 924 1338 1013 generibus
1369 924 1693 1004 notandis,
1722 939 1995 1015 uterque
2022 928 2279 997 libellus

205 1048 287 1092 ex
335 1026 555 1092 eadem
602 1024 703 1091 vel
751 1038 1032 1115 cognata
1079 1024 1320 1091 fraudis
1367 1026 1626 1093 officina
1668 1026 1962 1113 prodiifl'e
2002 1028 2277 1112 videtur,

209 1141 278 1192 et
319 1127 640 1215 utriusque
677 1148 717 1191 a
750 1148 1064 1214 germano
1109 1148 1346 1215 genere
1392 1126 1777 1193 Plutarcheo
1816 1128 2157 1211 diversitas,
2204 1146 2282 1199 ut

213 1240 420 1307 antea,
455 1227 548 1293 ita
587 1249 764 1291 nunc
805 1240 876 1293 et
913 1228 1182 1315 semper,
1227 1228 1559 1295 manifesta
1590 1228 1675 1295 ad
1700 1230 1991 1297 animum
2018 1232 2279 1300 accidit.

215 1329 438 1413 Neque
470 1351 618 1393 vero
646 1329 684 1393 fi
725 1328 1106 1395 Plutarchus
1135 1329 1370 1417 scripsit
1399 1332 1519 1417 περὶ
1544 1330 1867 1418 πειρωμένης
1906 1332 2175 1421 ἶστορίας,
2206 1348 2283 1401 ut

215 1429 442 1519 legitur
461 1434 528 1495 in
556 1430 876 1519 catalogo
893 1433 1212 1519 Lampriae
1233 1432 1515 1519 exempli
1545 1434 1779 1499 Veneti
1804 1437 2011 1501 Num.
2031 1436 2277 1503 XLIX.

217 1532 384 1618 quod
423 1532 490 1597 in
531 1530 708 1598 edito
749 1532 922 1623 apud
967 1534 1328 1601 Fabricium
1369 1534 1447 1599 Β.
1486 1535 1575 1600 G.
1618 1536 1747 1599 III.
1778 1556 1846 1623 p.
1876 1538 2029 1623 336.
2073 1538 2279 1603 Num.

222 1636 364 1700 LII.
389 1635 600 1701 minus
627 1635 832 1723 probe
851 1635 1098 1724 ⁸legitur·
1123 1638 1244 1723 περὶ
1269 1636 1618 1726 παρειμένον,
1642 1660 1797 1705 cum
1820 1638 1989 1703 varia
2002 1638 2281 1707 lefflone

222 1737 630 1826 παρακειμένου,
656 1737 1078 1827 redditurque
1103 1740 1178 1803 de
1203 1740 1296 1804 ln‘s
1325 1764 1461 1829 quae
1482 1738 1735 1827 historia
1760 1742 2041 1829 adiacent
2058 1766 2081 1807 .·
2124 1764 2284 1831 ergo

225 1840 516 1927 scripserit
555 1841 679 1929 περὶ
717 1840 1038 1927 raptas-dmg
1086 1840 1350 1930 ἱστορίας,
1391 1842 1467 1905 de
1513 1841 1751 1929 hff'storia
1796 1843 1985 1931 vulgo
2024 1857 2281 1931 preter·
2337 1852 2363 1906 .’

228 1943 402 2030 mista,
446 1942 689 2009 nullam
733 1955 948 2009 tamen
991 1944 1204 2031 operis
1247 1956 1499 2032 partem
1538 1943 1783 2031 aliquid
1810 1946 2286 2019 communionis
2312 1918 2343 1957 ⁸

231 2066 370 2109 cum
392 2046 515 2111 hoc
539 2044 988 2111 parallelorum
1011 2046 1176 2111 foetu
1199 2046 1477 2111 habuisse
1500 2058 1750 2132 putem.
1814 2047 2049 2134 Neque
2068 2060 2285 2114 tamen

234 2146 422 2232 ipsum
435 2127 804 2227 confilium,
835 2147 1235 2212 historiarum
1271 2145 1451 2233 paria
1474 2144 1929 2233 componendi,
1956 2168 1999 2211 a
2022 2149 2289 2234 persona

239 2248 532 2336 scriptoris
561 2248 862 2315 vitarum
893 2248 1344 2315 Pasallelarum
1375 2248 1717 2313 abhorret.
1764 2247 1921 2336 quin
1948 2248 2091 2336 ejus
2116 2249 2291 2315 tituli

233 2352 669 2417 'communione
705 2364 776 2417 et
809 2350 1374 2427 commendatione
1409 2350 1715 2416 libellus
1696 2374 1763 2415 1n
1797 2350 2123 2419 Plutarchi
2166 2376 2287 2418 no·-
2354 2418 2363 2429 ,

235 2476 372 2519 men
407 2455 504 2521 vel
545 2456 629 2521 ab
669 2446 901 2541 opifice
939 2456 1052 2521 suo
1083 2455 1558 2534 transferretur,
1592 2454 1691 2520 vel
1718 2456 2111 2541 posterorum
2140 2456 2288 2543 opi-

237 2557 412 2623 nione
462 2556 691 2623 abiret.
779 2556 988 2623 Simili
1037 2570 1422 2645 argumento
1466 2570 1535 2623 et
1578 2556 1867 2622 instituto
1910 2556 2292 2645 scripserunt

221 2658 456 2743 Ὅμοια.
503 2659 704 2727 veluti
728 2659 1133 2746 Mjrronianus
1169 2658 1414 2727 citante
1442 2658 1743 2747 Diogene
1766 2659 2025 2725 laertio
2056 2660 2109 2724 I.
2144 2682 2171 2725 1
2187 2678 2287 2746 15.

233 2762 336 2829 ubi
362 2762 644 2828 videatur
671 2761 752 2826 Is.
785 2762 1232 2847 Casaubonus:
1275 2760 1435 2826 item
1466 2761 1593 2825 111.
1618 2780 1739 2841 40²
1782 2759 2067 2847 pleniore
2096 2761 2291 2827 titulo

237 2869 286 2929 ἐν
305 2870 380 2951 τῷ
401 2866 439 2929 ἄ
466 2874 574 2930 τῶν
601 2872 884 2949 ἱστορικῶν
915 2864 1110 2949 ὁμοίων
1135 2864 1475 2949 κεφαλαίων,
1507 2865 1626 2929 IV.
1664 2882 1793 2945 14.1
1812 2865 1899 2929 V.
1929 2866 2039 2949 36.
2104 2864 2295 2951 Speuf-¹

220 2970 429 3057 fippus,
455 2980 524 3033 et
551 2966 814 3055 Amfion,
844 2967 926 3033 de
955 2968 1190 3055 quibus
1233 2966 1479 3033 notavit
1517 2966 1845 3031 Fabricius
1870 2967 1949 3031 B.
1980 2966 2069 3031 G.
2102 2968 2194 3029 II.
2224 2987 2291 3051 p.

241 3072 313 3135 66
334 3083 396 3135 et
414 3071 560 3138 280.
613 3069 829 3134 Aliam
855 3069 1342 3157 inscriptionem
1365 3067 1601 3133 horum
1630 3066 2083 3135 Parallelorum
2110 3066 2293 3135 exhi-

240 3174 380 3239 bent
403 3175 552 3239 Jun.
595 3183 664 3236 et
695 3170 938 3237 Collat.
968 3173 1216 3237 Muret.
1255 3170 1581 3257 Συναγωγὴ
1610 3176 1879 3257 ἴστοριῶν.
1966 3169 2296 3258 Amyotus

245 3273 388 3339 hanc
425 3272 935 3339 admonitionem
981 3271 1314 3360 praemifit:
1364 3274 1525 3337 “En
1565 3271 1629 3336 la
1676 3292 1901 3359 marge
1944 3268 2103 3337 d'un
2154 3270 2300 3337 vieil

245 3376 450 3441 “livre
479 3374 668 3440 escrit
697 3398 737 3439 a
763 3374 826 3439 la
855 3374 1054 3454 main,
1083 3396 1190 3441 ces
1219 3373 1471 3461 paroles
1502 3374 1837 3460 Grecques
1864 3371 1927 3437 se
1954 3385 2291 3438 trouvent:

245 3485 290 3544 “,
309 3480 382 3544 Ge
419 3479 580 3543 livre
621 3502 696 3543 ne
713 3478 834 3565 sut
853 3479 1092 3567 jamnis
1129 3480 1204 3543 de
1246 3477 1607 3567 Plutarque,
1654 3476 1913 3541 autbeur
1936 3476 2217 3543 excellent
2242 3488 2300 3539 et

247 3588 286 3621 “
293 3584 518 3669 suvant
535 3608 555 3646 .-
603 3582 754 3646 mais
793 3582 868 3645 de
905 3582 1155 3670 quelque
1180 3580 1476 3667 escrivain
1500 3579 1806 3668 vulgaire,
1832 3591 1889 3643 et
1918 3579 2203 3665 ignorant
2220 3578 2302 3643 de

249 3690 290 3725 “
314 3683 447 3747 l'art
493 3685 570 3747 de
618 3684 812 3769 Poqfie
861 3696 920 3747 et
965 3684 1040 3747 de
1091 3682 1545 3747 Grammire.’'
1634 3680 1861 3747 Simile
1906 3680 2301 3749 Meziriacus
2440 3732 2447 3739 -

247 3786 538 3873 adscripfit
562 3812 580 3851 ε
626 3786 824 3874 Inepti
849 3784 1106 3874 alicujus
1131 3798 1189 3849 et
1215 3785 1435 3850 ἱπάοᾶὶ
1460 3784 1707 3849 hominis
1728 3783 1837 3872 qstt
1867 3782 2177 3872 indignus,
2197 3784 2302 3871 qui

249 3888 549 3956 Plutarcho
571 3889 898 3954 tribuatur.
968 3891 1055 3955 Et
1077 3888 1354 3955 aliorum
1379 3889 1623 3954 exstant
1650 3887 1919 3967 monita,
1957 3886 2303 3953 Plutarcho

251 3990 771 4079 abjudicantium.
755 4016 772 4033 ·
802 4014 864 4056 v.
885 4014 946 4079 c.
976 3989 1146 4056 Vofl·
1151 3990 1172 4055 i
1201 3992 1306 4056 De
1335 3988 1669 4056 Historicis
1692 3992 1812 4057 Gr.
1838 3992 1894 4055 1.
1926 4004 2027 4073 1'7.
2056 4009 2123 4074 p.
2152 4007 2298 4057 112.

255 4091 632 4159 Valckenarii
659 4091 945 4159 Diatrib.
987 4092 1055 4156 in
1085 4091 1306 4181 Eurip.
1335 4094 1595 4180 Fragm.
1628 4114 1694 4179 p.
1729 4112 1834 4173 24.
1921 4092 2097 4156 Nam
2140 4090 2301 4153 ube-

90 4228 94 4291 ⁵,
255 4194 360 4262 rius
392 4192 692 4282 fingulari
725 4192 1178 4281 Disputatione
1222 4194 1350 4259 hoc
1383 4192 1525 4283 egit
1559 4190 2073 4325 cl.SaJlier1us
2054 4210 2120 4255 m
2150 4192 2301 4259 Me-

92 4314 95 4383 ῑ
259 4296 444 4363 mariis
469 4294 1010 4383 Acad.1nscript
1040 4296 1343 4363 T.V111.

94 4400 98 4492 ἒ

96 4494 99 4531 ἔ

96 4576 98 4591 Ι
