2850 4817
535 406 1072 469 QUAESTIONES
1113 406 1519 465 ROMANAS.
1562 426 1619 485 p.
1654 406 1787 481 264.
1814 408 2026 467 B—D.
2232 426 2305 485 23

279 564 414 631 locis
451 563 752 652 injestum
796 564 1088 629 videatur
1127 586 1193 651 p.
1235 565 1382 642 288,
1428 564 1509 629 C.
1564 564 1719 650 388.
1760 566 1849 645 A,
1886 566 1978 631 D.
2030 567 2186 647 428.
2226 568 2311 633 B.

279 666 648 735 Nicomacho
689 668 862 755 apud
907 667 1097 732 Phot.
1147 666 1586 733 CLXXXVI.
1659 666 1987 747 Alterum,
2032 666 2115 731 ὅτι
2152 666 2311 733 πέντε

283 774 454 835 δεῖσθαι
483 774 604 835 θεῶν
629 772 754 846 τοὺς
782 770 1000 855 γάμους
1025 768 1249 849 οἴονται,
1273 791 1404 835 non
1434 780 1511 833 ut
1538 780 1789 835 certum
1816 771 2191 851 affirmatur,
2206 770 2313 836 sed

285 885 347 937 ut
381 872 793 959 conjecturam
837 870 1236 957 proponitur,
1281 870 1457 957 quod
1482 870 1733 957 fhrtaffl
1760 862 2035 937 Romani
2060 872 2141 937 fic
2170 895 2311 937 cre-

283 972 525 1037 diderint
561 973 846 1060 quinque
887 974 1178 1037 Deorum
1227 972 1349 1038 effe
1391 971 1835 1058 praefecturam
1878 972 1945 1037 N
1948 971 2311 1059 uptiarum3

283 1098 410 1139 nam
449 1089 696 1162 poterat
737 1076 868 1141 hoc
908 1098 1146 1141 munus
1185 1098 1336 1141 cum
1377 1074 1519 1141 aliis
1548 1074 1745 1141 etiam
1772 1075 1916 1141 Diis
1946 1076 2311 1144 communi-

282 1170 428 1241 cari:
455 1198 838 1262 quamquam
865 1189 944 1241 ut
971 1176 1258 1241 absolute
1285 1176 1532 1241 dictum
1556 1176 1810 1263 reponit
1840 1175 2180 1241 Briffonius
2207 1177 2315 1243 De

283 1275 416 1340 Ritu
440 1279 644 1364 Nupt.
675 1301 742 1365 p.
769 1296 923 1363 311.
963 1276 1030 1341 in
1070 1275 1459 1365 cognomine
1498 1276 1973 1363 reprehendens
1997 1275 2312 1363 interpre-

282 1390 418 1457 tem,
459 1378 660 1443 τέλειον
705 1378 1078 1445 reddentem
1125 1378 1471 1466 perfeetum,
1520 1400 1713 1465 quem
1766 1378 1895 1465 ipse
1946 1378 2314 1466 Nuptiarum

270 1477 546 1565 praestdaem
586 1479 848 1547 mallet:
894 1502 1038 1567 quae
1073 1480 1497 1577 controversia
1538 1494 1711 1545 certe
1754 1502 1883 1547 non
1928 1478 2095 1545 tanti
2136 1494 2311 1547 eretz

276 1594 336 1645 et
375 1594 726 1670 corruptam
753 1583 882 1647 loci
923 1595 1171 1669 partem
1217 1584 1445 1663 citanS,
1488 1582 1577 1647 nil
1619 1581 1701 1649 de
1742 1582 1979 1649 mendo
2020 1605 2313 1649 monens.

279 1684 582 1749 Caeterum
625 1708 806 1749 cereos
850 1706 888 1748 a
940 1684 1280 1749 Plutarcho
1321 1684 1552 1763 distes,
1595 1683 1867 1751 diversos
1908 1684 2029 1755 effe
2072 1706 2113 1749 a
2131 1685 2314 1770 faci

276 1785 373 1848 bus
396 1785 748 1873 nuptialibus
776 1785 1120 1872 suspicatus
1147 1787 1233 1851 est
1259 1786 1647 1852 doffiffimus
1667 1785 2005 1853 Trekellus
2026 1785 2117 1851 ad
2145 1785 2313 1923 Bris-

274 1886 485 1952 [οιιίὶΙ.
514 1910 572 1952 c.
604 1910 670 1974 Ρ.
697 1907 850 1973 320.

351 2010 412 2074 Ρ.
441 1992 600 2077 264.
615 1991 694 2053 B.
691 1986 807 2073 γ’.
791 1990 846 2071 .]
897 1989 1106 2053 Vicum
1139 1988 1473 2054 Patricium
1494 2000 1811 2055 memorat
1840 1989 2094 2055 Festus
2076 2012 2145 2054 ιιι
2172 1990 2311 2055 Vo-

275 2090 439 2155 cibus
463 2090 764 2157 Patricius
802 2090 1006 2170 Vicus,
1033 2103 1102 2155 et
1133 2090 1531 2177 Septimontio.

350 2195 487 2275 264.
511 2196 589 2259 Β.
633 2193 680 2257 δ’
684 2196 730 2279 .]
782 2193 998 2257 Livius
1028 2194 1084 2257 Ι.
1111 2207 1220 2277 45.
1252 2194 1607 2257 Varronem
1638 2188 1915 2271 secu'tuS,
1945 2212 2081 2254 rem
2126 2189 2313 2255 sacri-

277 2294 386 2360 ficii
425 2296 642 2375 refert,
671 2296 798 2361 fine
834 2294 1202 2361 nominibus
1239 2294 1485 2361 domini
1512 2306 1581 2359 et
1608 2292 1933 2359 antistitis:
1978 2291 2131 2357 inde
2158 2292 2315 2359 item

271 2396 546 2463 Valerius
573 2400 757 2462 Max.
786 2398 943 2463 VII.
966 2417 1034 2483 3,
1063 2418 1090 2461 1
1107 2443 1122 2461 .
1177 2395 1520 2484 Templum
1548 2395 1775 2460 Dianae
1793 2417 1832 2459 a
1862 2394 2076 2459 Servio
2102 2394 2318 2459 Tullio

269 2494 328 2558 in
369 2498 688 2563 Aventino
729 2512 951 2583 monte
991 2497 1320 2563 conditum
1358 2497 1635 2562 celebrat
1664 2494 2013 2582 ‚Dionysius
2042 2494 2197 2559 Hal.
2225 2494 2315 2559 A.

271 2598 342 2661 R.
377 2600 502 2665 III.
541 2620 650 2685 43.
693 2613 759 2665 et
805 2600 1000 2665 alias:
1047 2614 1115 2665 et
1155 2600 1388 2665 Strabo
1432 2610 1743 2663 memorat
1788 2598 1906 2661 IV.
1947 2617 2015 2682 p.
2052 2612 2200 2682 273.
2230 2595 2317 2660 A.

270 2702 372 2765 ubi
395 2702 680 2772 videatur
711 2703 1152 2768 casaubonus,

347 2805 494 2883 264:
521 2805 610 2869 D.
643 2803 737 2890 22]
789 2807 876 2869 Et
912 2802 1112 2891 hujus
1139 2802 1338 2867 'moris
1371 2803 1514 2867 haec
1547 2802 1635 2865 est
1676 2801 2002 2895 singularis
2046 2798 2317 2865 mentio·

272 2904 455 2973 Quod
483 2906 564 2971 ad
598 2908 863 2971 Graecos
890 2906 1151 2985 attinet,
1193 2905 1477 2991 pertinet
1504 2905 1633 2967 huc
1662 2902 2021 2989 Hesychius
2048 2901 2115 2967 in
2140 2896 2321 2972 Voce

272 3007 720 3094 Δευτερόπὸτμος·
767 3012 794 3069 ὄ
836 3005 936 3071 ὑπδ
977 3006 1134 3071 τίνων
1171 3005 1632 3093 ’Τπερὸποτμος·
1680 3004 1821 3068 οὕτω
1862 3005 1916 3067 ὃὶ
1962 3003 2151 3087 ἔλεγον
2194 3002 2323 3067 ὅταν

267 3109 362 3172 τινὶ
386 3113 456 3186 ὥς
483 3111 726 3174 nomin-a
751 3114 828 3173 τοὶ
855 3108 1174 3192 νομιζόμενα
1203 3108 1416 3194 ἐγένετο
1421 3155 1445 3188 ,
1472 3108 1571 3171 καὶ
1599 3107 1821 3192 ὕστερον
1850 3104 2081 3187 ἀνεφάνη
2124 3108 2247 3187 ζῶν·
2295 3100 2332 3182 δ’

269 3214 318 3273 δὲ
352 3213 628 3295 Πολέμων
670 3214 770 3277 καὶ·
810 3213 1130 3299 ἀπειρῆσθαι
1167 3216 1283 3287 τοῖς
1306 3211 1565 3305 τοιοῦτζοις
1590 3196 1811 3273 εἰσιένοιι
1840 3212 1913 3281 εἰς
1940 3209 2003 3269 τὸ
2044 3208 2177 3293 ἱερὸν
2214 3215 2325 3271 τῶν

270 3318 483 3396 Σεμνῶν
512 3315 642 3393 φησὶ
671 3318 856 3379 Θεῶν.
931 3313 1023 3379 Ἢ
1054 3320 1080 3375 ὁ
1109 3316 1387 3398 φημισθεὶς
1423 3315 1509 3377 ἐπὶ
1540 3312 1687 3391 ξένης
1712 3307 2111 3387 τετελευτηκὼς
2138 3308 2333 3403 ἔποπα

271 3418 580 3482 ἐπανελθών.
659 3416 750 3481 Ἢ
793 3423 820 3479 ὁ
864 3418 926 3480 τὸ
969 3417 1210 3505 δεύτερον
1259 3419 1348 3480 διὰ
1395 3414 1707 3503 γρναικείου
1758 3414 1964 3479 κόλπου
2012 3411 2211 3487 ὃιοιδύς·
2256 3413 2329 3485 ὥς

274 3517 368 3595 ἔθος
409 3518 470 3597 ἦν
514 3524 670 3606 παρὰ
713 3518 1013 3597 Ἀθηναίοις
1059 3523 1124 3581 ἐκ
1165 3517 1409 3604 δευτέρου
1454 3519 1773 3603 γεννᾶσθαι.
1858 3514 2082 3579 Altera
2131 3513 2333 3601 gloffa

273 3617 412 3684 hinc
439 3621 527 3684 est
565 3620 934 3686 contrectet-a:
978 3614 1441 3706 ’Ῥστερόποτμος
1475 3615 1521 3703 ᾦ
1546 3621 1703 3699 ζῶντι
1728 3616 1947 3695 ὁτᾶφος
1974 3618 2032 3677 οὐ
2058 3612 2333 3691 τεθνηκότι

272 3719 477 3805 γέγονε.
554 3722 766 3786 Ἄλλοι
815 3724 870 3787 δὲ
921 3723 1158 3809 δεύτερον
1199 3721 1408 3806 γάμον.
1498 3722 1697 3783 Hunc
1748 3717 2069 3783 Plutarchi
2112 3716 2354 3781 loeam'

272 3820 510 3888 secutus
539 3844 662 3887 nec
689 3822 1075 3889 nominatim
1111 3824 1316 3889 citans
1353 3820 1486 3887 Jos.
1534 3820 1821 3907 Scaliger
1862 3820 1947 3884 ad
1990 3818 2237 3883 Festum
2266 3838 2331 3903 p.
2430 3840 2441 3851 ·

273 3940 412 4009 359,
439 3923 784 4013 pqstliminii
799 3926 914 4013 jus
947 3948 1025 3990 ex
1065 3925 1191 3989 hoc
1235 3926 1493 4003 GraecO,
1534 3923 1863 4008 tamquam
1903 3920 2127 3985 Attico
2155 3940 2335 3983 more
2394 3905 2407 3915 ⁵

143 4111 145 4113 q
275 4024 464 4092 ducit.
527 4029 723 4093 Certe
752 4028 1122 4115 Hesychius
1146 4027 1332 4092 illurn
1359 4023 1891 4113 regenerationis
1893 4023 2091 4087 ritum
2118 4020 2334 4085 Athe-

274 4126 579 4194 nienfibus
617 4129 887 4195 tribuit·
933 4130 1002 4193 in
1028 4128 1217 4217 cujus
1254 4128 1463 4193 verbis
1492 4148 1696 4213 nuper
1725 4124 1955 4211 aliquis
1983 4122 2335 4208 pronunci-

275 4248 378 4293 ans
409 4234 566 4319 παρὰ
607 4231 884 4313 Θηβαίοις
919 4231 1271 4320 legendum
1304 4230 1426 4295 effe
1455 4251 1571 4316 pro
1598 4232 1753 4316 παρὰ
1777 4224 2101 4304 Ἀθηναῖθδς,
2114 4243 2339 4311 magls

1251 4352 1365 4411 04
