2850 4817
574 351 688 408 114
844 329 925 395 D,
960 330 1062 388 W.
1104 326 1496 406 ANIMADV.
1539 330 1630 388 IN
1671 328 2140 391 PLUTARCHI
2177 328 2341 388 Lm.

650 489 803 577 328.
834 492 909 556 Ε.
936 489 1364 573 Θεμιστοκᾼῆς]
1403 489 1786 574 Notavimus
1827 488 1900 552 in.
1936 488 2094 576 Ejus
2134 486 2640 574 A'pophthegma

564 613 634 678 p.
660 594 736 655 18
736 609 801 677 5.
835 593 905 656 F.
977 594 1075 656 Ex
1102 589 1327 656 eadem
1356 584 1787 678 disjun&ibne
1817 589 2002 658 fluxit
2021 588 2182 654 illud
2211 587 2425 654 Ovidii
2453 589 2640 654 Trist.

571 696 625 758 I.
657 713 723 775 4,
758 695 836 762 28
859 718 876 756 =
928 692 997 757 Si
1023 693 1181 758 modo
1208 691 1312 782 qui
1335 693 1535 781 periit,
1563 715 1680 756 non
1703 693 1930 780 periff
1953 691 2150 779 potest.

651 795 804 882 328.
852 795 924 859 F.
982 797 1381 880 περιοικοῦσαν]
1445 796 1624 859 Mez.
1683 815 1918 858 nomen
1972 791 2303 879 proprium
2363 791 2634 878 putavit.

568 897 785 961 Teneo
811 903 1181 983 παροικοῦσαν
1202 907 1281 959 ut
1306 895 1462 960 item
1491 895 1678 960 vertit
1706 891 2033 981 Amyotus
2061 905 2131 957 et
2159 891 2442 961 Budaeus
2481 917 2646 960 acco·

570 997 692 1060 lam
721 997 917 1060 urbem
950 997 1250 1062 Graecam.
1336 998 1598 1062 Nomen
1625 995 1696 1060 'ei
1724 1007 1863 1060 erat
1885 993 2299 1080 Ἀλεξάνδρεια,
2331 994 2486 1061 teste
2515 999 2644 1060 Ar·

570 1097 749 1164 riano
792 1098 917 1162 III.
959 1099 1065 1179 28,
1092 1101 1157 1166 6.
1217 1101 1335 1165 IV.
1368 1117 1474 1178 22,
1503 1113 1570 1182 5.
1626 1099 1713 1163 V.
1751 1117 1809 1176 1,
1842 1097 1906 1161 8.
1982 1094 2210 1164 Curtio
2244 1096 2401 1165 VII.
2431 1114 2500 1180 3,
2535 1114 2640 1180 23.

570 1199 865 1264 Diodoro
912 1199 1042 1264 Sic.
1088 1200 1285 1265 XVII
1291 1244 1310 1261 .
1356 1201 1434 1284 83
1447 1245 1462 1262 .
1507 1199 1618 1264 ubi
1659 1219 1938 1266 errorem
1981 1195 2380 1282 Scriptorum
2423 1217 2640 1268 rerum

510 1327 515 1336 ·
571 1299 921 1366 Alexandri
957 1321 1287 1387 perperam
1304 1373 1311 1384 ,
1329 1299 1797 1386 Paropamisum
1839 1320 1956 1386 pro
1999 1297 2286 1366 Caucaso
2313 1295 2642 1382 accipien-

572 1406 739 1470 tium
797 1419 867 1470 et
918 1397 1407 1484 celebrantium,
1455 1403 1798 1491 diligenter
1847 1402 2108 1488 castigat
2155 1400 2646 1488 Wcffelingius,

570 1519 647 1571 ut
674 1507 830 1570 item
859 1507 1349 1572 Sanetocrucius
1373 1505 1583 1570 noster
1609 1527 1675 1591 p.
1699 1507 1847 1592 649.
1873 1505 2003 1590 seq.
2031 1495 2224 1590 hujus
2253 1502 2644 1572 urbisfitum

572 1608 905 1696 designans
931 1628 999 1695 p.
1034 1609 1181 1691 827.

658 1733 724 1797 p.
753 1731 905 1797 329.
940 1711 1025 1774 A.
1072 1709 1508 1794 ἐμποδισθεὶῐταν]
1559 1705 1986 1774 Memoranda
2001 1706 2202 1774 'etiam
2235 1705 2408 1792 prior
2435 1707 2650 1775 nostra

578 1810 968 1898 conjectura,
1011 1811 1363 1897 eademque
1412 1809 1598 1877 nobis
1641 1831 1792 1874 cum
1837 1808 2084 1874 Reiskio
2127 1808 2491 1874 communis
2535 1815 2647 1893 ἐμ-

572 1915 927 1992 πολισθεῖσιν,
948 1926 1059 2000 per
1085 1937 1231 2000 quas
1270 1913 1335 1976 in
1362 1912 1454 1976 his
1483 1910 1652 1978 terris
1679 1911 1941 1977 conditas
1969 1908 2250 1996 efflineza
2279 1909 2356 1996 est
2379 1911 2650 1978 barbara

552 2013 804 2102 feritam
891 2016 1181 2083 Verbum
1224 2038 1263 2079 a
1304 2015 1634 2101 Stephano
1680 2013 1747 2078 in
1793 2013 1982 2078 Thes.
2031 2015 2107 2082 L.
2161 2015 2278 2078 Gr.
2323 2012 2646 2092 omiffum,

576 2116 870 2205 apposuit
912 2118 1001 2182 D.
1047 2114 1309 2184 Scottus
1346 2117 1413 2181 in
1455 2115 1759 2204 Append.
1801 2137 1880 2181 ex
1913 2114 2218 2203 Dionysio
2253 2115 2408 2186 Hal.
2433 2117 2531 2185 A.
2563 2119 2645 2184 R.

509 2287 519 2296 ,
579 2221 673 2284 11.
706 2239 767 2284 1.
797 2241 864 2306 p.
894 2221 1001 2305 76,
1022 2237 1089 2304 5.
1151 2219 1438 2305 Simplex
1459 2215 1700 2299 πολίζειν
1727 2218 1924 2282 urbem
1928 2217 2166 2303 facere,
2195 2239 2275 2282 ex
2303 2217 2650 2286 Herodoto

576 2336 646 2387 et
690 2321 833 2386 aliis
878 2321 1167 2408 probavit
1212 2320 1387 2384 idem
1435 2320 1836 2406 Stephanusx
1897 2335 1964 2386 et
2001 2343 2118 2386 nos
2155 2320 2222 2384 in
2261 2319 2654 2388 Adversariie

537 2421 1023 2506 annotavimus
1062 2445 1141 2487 ex
1188 2421 1526 2486 Plutarcho
1571 2421 1828 2488 Romul.
1881 2443 1949 2509 p.
1991 2441 2096 2492 22.
2143 2425 2216 2488 F.
2292 2423 2651 2510 Porphyrio

574 2524 714 2591 vit.
750 2524 940 2612 Pyth.
972 2526 1036 2608 ξ.
1064 2543 1167 2592 2ο.
1220 2521 1586 2590 Jamblicho
1615 2522 1753 2589 Vit.
1787 2520 1978 2612 Pyth'.
2011 2526 2077 2606 §-
2100 2545 2212 2610 30.
2270 2525 2537 2592 Aristide
2560 2529 2645 2594 T.

581 2629 638 2693 I.
671 2647 738 2712 p.
772 2625 877 2704 26,
912 2645 1057 2712 231.
1104 2627 1195 2690 II.
1225 2641 1377 2712 347.

662 2736 813 2814 329.
845 2727 933 2792 A.
976 2726 1579 2814 πολιτεία-ὲ-Ζῆνωνος]
1633 2729 1726 2792 Ex
1766 2727 1868 2794 his
1909 2728 2196 2796 fontibus
2231 2729 2416 2794 fluxit
2453 2727 2650 2794 Cice-

579 2827 753 2893 ronis
794 2828 1136 2916 disputatio
1179 2815 1343 2916 L‘eg.
1390 2830 1448 2893 I.
1489 2850 1726 2915 7--12-
1769 2843 1838 2896 et
1873 2831 2050 2912 alibi,
2079 2832 2210 2896 offi·
2241 2834 2296 2896 1.
2328 2847 2394 2916 7.
2480 2831 2650 2920 Ejus

572 2930 775 2998 libros
796 2935 915 3020 περὶ
940 2931 1220 3008 πολιτείας
1243 2947 1562 3017 memorat
1587 2933 1966 3002 Plutarchus
1995 2936 2220 3023 Symp.
2245 2936 2372 2999 III.
2399 2955 2465 3020 p.
2489 2937 2646 3020 653,

482 3043 488 3052 ’
581 3035 657 3097 Ε.
731 3033 1061 3122 Lycurge,
1105 3048 1213 3120 59.
1259 3035 1347 3100 A.
1420 3034 1750 3123 Diogenes
1791 3038 2006 3102 Laert.
2049 3035 2207 3104 vn.
2242 3055 2352 3121 32,
2390 3029 2500 3128 33,
2529 3053 2646 3121 34,

586 3151 733 3213 121,
771 3153 918 3220 129,
954 3154 1095 3220 131.
1182 3129 1479 3212 Indidem
1507 3137 1786 3203 sumtum
1817 3135 2068 3204 videtur
2094 3137 2400 3223 placitum
2427 3135 2652 3204 decori

581 3257 802 3320 expers
828 3257 935 3324 ap.
975 3238 1242 3324 Sextum
1270 3238 1514 3323 Empir.
1549 3238 1862 3326 Pyrrhon.
1893 3240 2035 3304 ΙΙΙ.
2055 3253 2201 3323 205.
2286 3237 2422 3305 Alii
2447 3237 2650 3308 etiam

580 3332 862 3404 citantur
888 3363 930 3404 a
956 3341 1243 3406 Fabricio
1272 3343 1349 3407 B.
1382 3344 1470 3408 G.
1493 3345 1595 3410 ΙΙ.
1623 3358 1690 3430 Ρ,
1719 3358 1872 3429 415.

516 3436 525 3445 ’
666 3460 818 3528 329.
836 3443 927 3520 ·Β.
960 3444 1029 3516 ὥς
1054 3444 1443 3531 Ἀριστοτέλης
1468 3445 1878 3532 συνεβούλευεν]
1923 3447 2269 3513 Consilium
2299 3447 2646 3533 reprehen-

584 3541 703 3622 dit,
742 3543 965 3626 omiffo
1001 3558 1215 3611 tamen
1246 3547 1600 3612 Aristotelis
1629 3548 1912 3628 nomine,
1943 3549 2411 3629 EratostheneS,
2441 3570 2652 3634 quan-

584 3657 729 3708 tum
772 3667 852 3709 ex
894 3647 1206 3712 Strabone
1254 3646 1671 3736 intelligimus
1715 3652 1805 3715 II.
1847 3671 1926 3737 p..
1949 3653 2093 3714 116.
2134 3652 2228 3716 132
2275 3651 2360 3714 ἐπὶ
2400 3649 2548 3714 τέλει
2591 3652 2652 3714 δὲ

582 3753 679 3810 τοῦ
722 3747 1101 3829 ὑπομνήματος
1126 3752 1223 3812 οὐκ
1252 3749 1541 3825 ἐπαινέσας
1576 3751 1700 3826 τοὺς
1739 3751 1878 3836 δίχα
1915 3755 2248 3840 διαιροῦντας
2273 3751 2514 3816 &av-rel
2541 3761 2653 3818 τῶν

583 3848 867 3936 ἀνθρώπων
891 3850 1089 3926 πλῆθος
1114 3849 1187 3925 εἷς
1214 3877 1276 3914 τε
1292 3849 1581 3930 “Ελληνας
1609 3856 1704 3917 καὶ
1732 3854 2068 3942 βαρβάρους·
2101 3856 2201 3919 καὶ
2234 3855 2355 3930 τοὺς
2379 3853 2654 3932 Ἀλεξίω-

581 3952 688 4039 'qu’
711 3959 1105 4042 παραινοῦντας
1130 3957 1243 4029 τοῖς
1266 3954 1367 4036 μὲν
1384 3953 1667 4034 σΕλλησ-ιν
1686 3959 1757 4036 ὥς
1782 3956 1958 4040 φίλοις
1973 3959 2246 4043 χρῆσθαι,
2276 3959 2386 4031 τοῖς
2413 3957 2468 4020 δὲ
2495 3958 2648 4044 βας-

580 4052 770 4141 βίιροις
812 4055 883 4127 ὥς
922 4052 1221 4136 πολεμίοις·
1270 4053 1489 4135 βέλτιον
1527 4055 1658 4120 εἶναι
1697 4057 1856 4138 φησὶν
1893 4062 2056 4144 ἀρετῇ
2094 4059 2190 4122 καὶ
2222 4055 2397 4142 κακίᾳ
2432 4059 2652 4142 διαιρεῖν

581 4152 783 4217 ‘rafim-a·
804 4192 890 4204 —
908 4153 1081 4242 διόπερ
1125 4157 1217 4220 τὸν
1257 4155 1619 4248 Ἀλέέαιζὸρον
1665 4159 2028 4241 ἀμελήσαντα
2073 4169 2182 4224 τῶν
2227 4156 2649 4246 παραινούντων,
