2850 4817
584 369 671 428 90
758 347 835 408 D.
866 344 963 405 W.
992 345 1219 406 ANIM.
1245 345 1594 407 INPLUT.
1623 343 1781 406 LIB.
1809 343 2146 406 PARALL.
2177 364 2236 424 p.
2265 361 2406 424 315.
2431 347 2501 406 1³¹.

598 528 702 574 10.
732 507 809 572 B.
853 516 925 571 et
963 502 1114 570 alibi
1156 503 1429 592 ῒκπηρίας
1455 505 1530 571 fit
1553 502 1802 571 mentio
1830 528 1890 569 v.
1917 524 1981 570 c.
2052 503 2382 592 Pompeio,
2409 527 2478 594 Ρ.
2507 508 2676 594 633.

592 609 681 675 C.
709 612 783 676 F.
838 607 1011 675 virt.
1040 605 1307 672 Mulier.
1334 629 1402 693 Ρ.
1429 609 1578 694 251'.
1608 609 1687 672 E.
1727 609 1874 675 262.
1899 607 1980 672 Ε.
2027 606 2334 673 Aristides
2359 610 2438 675 T.
2471 610 2563 674 II.
2597 633 2673 697 p.

496 769 502 774 .
591 712 744 798 381.
816 708 1056 775 AElian.
1085 710 1241 775 Var.
1268 708 1436 773 Hist.
1469 710 1594 780 111.
1629 711 1736 776 26.
1802 708 2111 797 Porphyr.
2139 710 2333 776 Antr.
2362 712 2670 799 Nymph.

595 813 661 895 ξ.
688 830 798 897 33.
868 809 1181 898 Telegoni
1214 832 1314 876 res
1343 810 1572 876 transsat
1599 809 1988 876 Meziriacus
2015 810 2098 875 ad
2125 810 2314 876 Ovid.
2341 816 2464 900 Ep.
2499 815 2668 880 Her.

589 915 669 979 Τ.
701 913 792 977 11.
819 932 884 997 p.
920 931 1065 976 100.
1093 911 1222 999 seq.
1308 911 1685 999 Agyllinam
1713 911 2000 999 quidem,
2029 913 2401 994 Tusculum,
2427 915 2666 997 Tibur,

594 1011 939 1081 condidisse
979 1011 1350 1078 dicebaturz
1398 1013 1722 1078 Praene'stis
1761 1013 2059 1081 conditor
2100 1015 2422 1082 ferebatur
2455 1017 2666 1082 Cem-

495 1158 501 1166 v-
590 1116 712 1196 lus,
756 1125 834 1180 ut
874 1115 961 1180 est
1009 1115 1184 1201 apud
1230 1114 1578 1204 Virgilium
1621 1115 1778 1180 AEn.
1823 1116 1980 1180 VII.
2026 1117 2192 1182 681:
2250 1116 2364 1183 ubi
2406 1118 2667 1184 Servius

593 1219 762 1283 hanc
802 1215 1117 1303 originem
1158 1216 1436 1282 nominis
1479 1228 1837 1283 memoratz
1884 1217 2179 1303 Praemste
2215 1218 2370 1284 Iocus
2395 1218 2476 1304 est
2497 1220 2672 1284 baud

588 1317 761 1405 longe
800 1316 877 1382 ab
917 1315 1094 1398 Urbe,
1136 1315 1323 1384 diam
1364 1319 1474 1383 ἀπὸ
1504 1327 1615 1406 ria?
1651 1318 1869 1404 πρίνων,
1907 1315 1976 1383 id
2004 1318 2101 1406 qst,
2129 1319 2208 1384 ab
2242 1319 2493 1403 ilicibus,
2521 1345 2664 1409 qua

587 1418 715 1490 illic
738 1418 1065 1486 abundant.
2615 1451 2634 1466 ·
