2850 4817
238 379 527 438 ATHEN.
568 353 843 436 naulo
880 377 993 436 AN
1032 378 1330 438 noem.
1372 377 1604 437 ema.
1643 397 1702 457 p.
1733 377 1870 455 34⁶.
1899 379 1969 448 A,
2001 379 2072 440 Β.
2133 397 2248 458 139

201 537 705 624 significationem
734 534 1013 600 nominis
1040 534 1379 623 aliquoties
1408 537 1650 602 notavit
1669 551 1736 604 et
1757 536 2085 624 usurpavit
2101 538 2256 604 Plu·
2290 581 2298 588 -

148 671 153 678 ·
204 640 449 704 tat-chus
472 655 581 703 z‘v.
610 663 677 704 c.
729 640 833 704 De
862 644 943 702 El
974 639 1147 723 apud
1176 640 1418 727 Delph.
1451 662 1516 726 p.
1539 660 1690 726 393.
1711 639 1809 705 C:
1841 644 1916 703 τὰ
1943 639 2254 726 μιγνύμενοι

203 748 304 803 τῶν
325 742 644 830 χρωμάτων
673 745 721 802 οἶ
747 743 941 819 βαφεῖς
970 740 1291 826 φθείρεσθαι,
1322 744 1417 806 καὶ
1449 746 1642 824 φθορὰν
1667 747 1763 820 τὴν
1789 741 1938 824 μίξιν
1967 743 2256 825 ὀνομάζου-

208 868 308 908 σιν.
368 846 466 908 De
488 843 736 930 Pythiae
764 843 951 908 Orac.
981 865 1047 929 p.
1078 863 1229 928 395.
1262 847 1351 910 D.
1396 847 1546 931 436.
1577 845 1654 910 B.
1709 845 2002 932 Sympos.
2031 846 2152 910 VI.
2183 866 2254 931 p.

212 957 347 1028 725.
376 945 429 1010 C
453 971 469 1009 τ
512 945 617 1020 τάς
659 971 721 1008 τε
749 944 924 1026 μίξεις
959 953 1069 1008 τῶν
1098 947 1419 1031 χρωμάτων
1448 952 1495 1009 οἶ
1523 946 1802 1031 ζωγράφοι
1830 946 2024 1030 φθορὰς
2050 946 2254 1026 ὄνομά-

212 1047 368 1125 ζουσ-ι.
436 1045 825 1132 Porphyrius
855 1045 1215 1112 Abstinent.
1248 1049 1365 1112 IV.
1400 1066 1505 1114 20.
1567 1047 1864 1112 Kusterus
1907 1045 1988 1110 ad
2033 1046 2254 1114 Scbol.

212 1146 593 1232 Aristophan.
630 1145 798 1212 Plut.
831 1167 981 1231 530.
1070 1148 1313 1210 Primus
1340 1149 1628 1212 hominum
1655 1146 1950 1234 hocficitt
1983 1147 2262 1213 formula

217 1246 535 1312 Plutarcho
562 1246 713 1312 alibi
747 1248 1087 1333 usurpata=
1134 1249 1351 1314 Mario
1378 1269 1446 1335 p.
1477 1269 1630 1334 432.
1664 1251 1748 1314 F:
1795 1247 1998 1322 ὕπατος
2025 1249 2080 1312 δὲ
2105 1256 2258 1334 πρῶ·

214 1373 293 1422 τος
316 1349 589 1432 ἀνθρώπων
628 1348 855 1422 ἑπτάκις
882 1349 1325 1437 ἀνηγορευμένος.
1405 1353 1676 1431 Caesare,
1705 1373 1772 1438 p.
1801 1353 1950 1436 718.
1977 1351 2062 1416 F:
2111 1351 2262 1430 δόξης

217 1450 454 1533 ἐφιέμενος
484 1452 580 1514 καὶ
608 1458 705 1515 τοῦ
732 1460 940 1536 πρῶτος
967 1453 1253 1539 ἀνθρώπων
1280 1459 1508 1540 στρατῷ
1537 1457 1786 1533 διαβῆναι
1813 1455 1906 1518 τὸν
1932 1455 2134 1530 Ῥῆνον.

287 1555 425 1636 346.
468 1555 557 1619 A.
606 1553 1197 1640 Εὖφρᾶνωρ-βοεία]
1250 1555 1354 1628 De
1398 1555 1526 1620 hoc
1571 1569 1638 1620 et
1677 1555 1926 1620 caeteris
1975 1555 2262 1620 videatur

218 1655 421 1720 Junius
469 1655 535 1718 in
595 1654 913 1741 Catalogo
962 1655 1325 1721 Artificum.
1414 1657 1684 1722 Diaum
1729 1657 1868 1744 ejus
1914 1658 1995 1724 de
2040 1659 2152 1722 suo
2191 1671 2262 1722 et

223 1755 489 1820 Parrhafii
525 1756 769 1821 Theseo
811 1770 1129 1822 memorat
1173 1757 1413 1822 Plinius
1457 1759 1549 1824 H.
1593 1759 1688 1822 N.
1731 1760 2009 1825 XXXV.
2041 1762 2150 1845 36,
2173 1773 2258 1844 5:

222 1873 370 1945 opera
412 1862 533 1945 ejus
556 1861 1047 1948 sunt—Theseus
1069 1887 1089 1926 .·
1136 1861 1201 1924 in
1236 1885 1347 1950 quo
1387 1861 1565 1938 dixit,
1603 1863 1862 1926 eumdem
1899 1864 2067 1949 apud
2101 1864 2262 1926 Par-

223 1962 447 2046 rhastum
471 1965 598 2050 rosa
623 1960 853 2050 pastum
876 1963 1196 2050 effi,suum
1222 1987 1359 2027 vero
1386 1987 1582 2026 carne.

292 2067 429 2147 346.
473 2065 556 2128 A.
600 2063 1167 2143 πεποίηται-Δῆμον
1211 2065 1538 2150 Ἐρεχθῆος]
1598 2064 1832 2128 Versus
1881 2065 2264 2130 Homericus

225 2164 385 2230 Iliad.
422 2171 493 2230 B.
533 2181 686 2250 547.
733 2165 943 2252 magis
986 2187 1353 2254 congruens
1398 2165 1466 2228 in
1510 2170 1700 2246 Δῆμον
1739 2164 2058 2243 Ἀθηναίων,
2095 2187 2264 2252 opus

228 2265 515 2345 Parrhasii,
579 2291 775 2356 quam
844 2268 909 2332 in
932 2263 1295 2332 *Theseum
1322 2291 1341 2346 3
1414 2289 1545 2354 quo
1615 2266 1696 2330 de
1762 2287 1956 2353 opere
2026 2267 2262 2334 Plinius

226 2368 475 2434 XXXV.
508 2377 617 2455 36,
646 2387 732 2455 5:
790 2371 992 2434 Pinxit
1027 2377 1217 2453 Δῆμον
1248 2370 1717 2456 Atheniensium,
1749 2382 2090 2456 argumento
2117 2393 2264 2458 quo-

230 2493 319 2553 que
340 2469 640 2558 ingeniose.
734 2471 980 2536 Volebat
1004 2497 1257 2560 namque
1276 2473 1540 2551 varium,
1567 2473 1940 2551 iracundum,
1970 2471 2266 2558 injrffstum,

229 2569 594 2658 inconstantem
615 2600 638 2638 .·
696 2576 955 2638 eumdem
1007 2575 1372 2652 exorabilem,
1427 2574 1781 2653 clementem,
1835 2575 2263 2663 misericordem,

232 2675 493 2762 excelsum,
530 2676 870 2763 gloriosum,
915 2677 1213 2756 humilem,
1234 2677 1516 2764 ferocem,
1537 2677 1936 2766 ficgacemque
1962 2677 2265 2764 ostendere.

231 2775 356 2862 Quo
382 2777 762 2865 probabilior
794 2779 882 2842 est
919 2779 1209 2865 suspicio,
1236 2779 1448 2844 labem
1481 2779 1723 2871 haerere
1753 2780 1813 2842 in
1845 2779 1956 2845 illo
1981 2781 2266 2858 πεποίηται

228 2879 313 2941 καί
343 2906 393 2942 τι
426 2877 733 2967 προσέοικε,
771 2879 811 2944 fi
856 2881 1117 2966 quidem
1160 2881 1271 2946 illa
1304 2881 1484 2946 huno
1512 2880 1796 2945 vicinum
1825 2881 2020 2946 etiam
2049 2883 2267 2948 locum

231 2981 437 3048 affecit.

298 3089 436 3170 346.
465 3091 541 3154 B.
587 3089 841 3176 γέγραφε
884 3087 939 3150 δὲ
984 3089 1079 3150 καὶ
1118 3091 1213 3165 τὴν
1253 3091 1305 3149 ἐν
1344 3086 1654 3172 Μαντινείᾳ
1689 3071 1819 3172 πρὸς
1855 3084 2272 3167 Ἐπαμινώνδαν

232 3190 562 3276 ἱππομαχίαν,
584 3192 914 3278 Εὐφράνωρ]
970 3190 1153 3274 Opus
1192 3188 1625 3274 Euphranoris
1655 3202 2046 3254 memoratur
2073 3210 2112 3250 a
2143 3187 2270 3252 Pli-

230 3287 321 3353 nio
347 3293 619 3358 XXXV.
651 3294 759 3379 36,
791 3310 869 3376 25
893 3317 915 3355 .·
954 3282 1159 3377 'Opera
1186 3291 1490 3378 q‘ussunss
1525 3288 1770 3377 equqstre
1787 3288 2097 3377 praelium,
2127 3291 2270 3354 duo·

228 3391 381 3456 decim
408 3394 557 3464 Dii.-
586 3407 717 3458 cet.
775 3392 1073 3458 Praelium
1103 3393 1230 3456 hoc
1259 3389 1550 3456 narratur
1578 3415 1617 3456 a
1643 3392 2080 3478 Xenophonte
2108 3392 2270 3480 Hel-

228 3491 393 3558 lenic.
434 3498 592 3562 VH.
628 3513 696 3580 5.
732 3495 865 3560 ‘nee
909 3508 1125 3560 tamen
1168 3493 1399 3560 diserte
1439 3495 1522 3558 ab
1565 3493 1704 3558 aliis
1749 3517 1962 3558 rerum
2007 3493 2270 3580 Epami-

230 3595 434 3659 nondae
460 3595 543 3660 ad
574 3596 976 3660 Mantineam
1010 3593 1460 3659 narratoribus
1525 3592 1790 3680 Polybio
1822 3596 1940 3661 IX.
1969 3596 2032 3658 8.
2108 3594 2288 3664 Dim,

228 3693 365 3760 doro
390 3697 515 3763 Sic.
548 3698 699 3762 XV.
730 3688 834 3778 84.
894 3685 1235 3760 Plutarcho
1264 3707 1480 3758 autem
1512 3693 1576 3758 in
1610 3695 1905 3781 Agefilao
1935 3717 1998 3781 p.
2026 3698 2176 3780 615.
2202 3698 2272 3760 F.
2339 3730 2344 3734 ·

230 3798 468 3864 omnino
504 3798 862 3865 omittitur:
910 3819 1102 3885 quem
1146 3797 1271 3862 hoc
1310 3797 1446 3882 ipso
1475 3796 1620 3861 loco
1650 3811 1872 3883 putem
1903 3821 1982 3862 ex
2012 3798 2276 3884 Ephoro

230 3895 481 3982 plurima
516 3899 822 3964 sumfiffez
870 3900 980 3986 qui
1025 3921 1127 3962 res
1176 3897 1638 3984 Epaminondae
1679 3897 1954 3969 uberius¹
1987 3895 2274 3982 explicu-

232 4012 371 4078 erat,
398 3989 465 4065 et
494 4001 731 4087 Grylli,
763 3995 1215 4092 Xenophontis
1256 3997 1392 4076 filii,
1410 3998 1486 4070 ‚in
1530 4019 1752 4085 pugna
1779 3997 2081 4083 deinceps
2110 3995 2280 4076 inter

233 4109 385 4164 totos
426 4101 743 4166 exercitus
787 4099 1133 4180 eommiffa,
1164 4099 1415 4164 obitum
1451 4098 1858 4187 prodiderat:
1905 4095 2080 4182 quod
2106 4094 2273 4183 legi-

233 4219 358 4266 mus
394 4202 563 4291 apud
590 4202 957 4290 Diogenem
989 4199 1315 4285 Laertium
1349 4201 1440 4264 ΙΙ.
1468 4218 1596 4284 54:
1645 4205 1670 4262 ὁ
1699 4200 1754 4261 δὲ
1781 4197 2030 4284 Γρύλλος
2057 4222 2275 4281 τεταγ-

236 4300 365 4380 μένος
405 4310 553 4370 κατὰ
594 4307 739 4381 τοὺς
765 4303 979 4383 ἱππέας,
1018 4303 1079 4382 ἦν
1103 4305 1167 4395 ἱδὲ
1205 4311 1235 4380 ἦ
1272 4302 1440 4389 μάχη
1481 4303 1598 4388 περὶ
1637 4299 1995 4380 Μαντίνειαν,
2037 4304 2278 4396 ἲσχυρῷς
