2850 4817
1028 355 1542 416 PRAEFATIO.
2200 371 2316 430 303

332 510 439 576 De
488 511 735 577 ratione
784 533 980 600 quam
1034 513 1099 578 in
1153 511 1795 580 animadverfionibus
1846 507 2318 578 conscribendia

245 610 449 678 secuti
494 613 737 694 sumus,
776 635 930 682 cum
964 614 1048 680 de
1085 636 1161 681 ea
1190 615 1394 681 leaor
1423 615 1558 702 ipse
1589 613 1885 702 judicare
1930 612 2138 700 poffit,
2183 635 2318 678 non

246 713 339 807 est
380 714 556 802 quod
598 715 809 782 multa·
847 716 1161 784 dicamus.
1250 719 1327 782 In
1378 716 1568 782 variis
1615 714 1996 782 lectionibus
2047 735 2318 780 enume-

247 815 469 882 randis
498 839 575 882 ac
604 817 1039 908 dijudicandis
1064 819 1393 886 noluimus
1418 819 1754 886 obscuram
1781 815 2186 904 diligentiam
2215 818 2320 882 af-

250 915 521 982 fesszarex
566 919 843 1015 expenso
882 919 1193 1008 cujusque
1242 932 1578 986 momento
1629 918 1904 985 breviter
1952 918 2324 1007 significavi-

251 1039 423 1099 mua,
466 1019 622 1108 quid
663 1022 725 1086 ei
766 1021 1181 1089 tribuendum
1225 1022 1298 1088 fit
1310 1047 1331 1102 3
1378 1021 1489 1090 nifi
1523 1043 1656 1088 uno
1683 1021 2010 1109 alteroque
2040 1021 2190 1086 loco
2230 1020 2326 1086 rei

249 1121 445 1208 ipfius
484 1124 759 1211 gravitas
796 1137 865 1190 et
902 1124 1243 1193 difficultas
1285 1125 1482 1191 fufius
1523 1145 1842 1212 exponere
1880 1147 1999 1190 nos
2037 1135 2325 1211 cogeret.

252 1224 388 1290 Sed
424 1225 733 1304 defuncti,
770 1241 1083 1314 quantum
1130 1228 1261 1293 fieri
1305 1226 1542 1315 potuit,
1565 1225 2024 1292 accuratiflime
2043 1225 2324 1293 breviffi-

250 1349 501 1421 meque
526 1328 908 1396 emendandi
946 1330 1182 1411 officio,
1212 1328 1514 1396 omnibus
1541 1329 1824 1394 viribus
1805 1351 1872 1396 m
1901 1327 2326 1417 explicatione

252 1409 740 1498 elaboravimus,
830 1433 1002 1498 Cum
1045 1430 1244 1520 enim,
1290 1446 1367 1498 ut
1408 1453 1634 1498 omnes
1672 1430 1997 1496 Plutarchi
2036 1430 2209 1511 libri,
2243 1452 2328 1496 ex

252 1530 503 1596 intimis
539 1532 961 1620 Philosophiae
1004 1533 1293 1599 fontibus
1336 1533 1529 1600 ducta
1568 1546 1638 1598 et
1671 1531 1851 1598 omni
1892 1532 2326 1598 doctrinarum

254 1651 495 1720 genere
536 1635 765 1700 referta
805 1636 879 1700 fit
922 1633 1061 1700 haec
1101 1635 1474 1722 disputatio,
1499 1655 1756 1721 operam
1785 1633 1934 1699 dedi
1961 1647 2038 1700 ut
2065 1633 2330 1719 planum

255 1734 562 1814 facerem,
582 1759 659 1802 ex
686 1736 875 1825 cujus
902 1737 1085 1803 secie
1114 1736 1407 1804 doctrina
1433 1735 1768 1825 quodlibet
1793 1735 2100 1822 placitum
2129 1736 2332 1801 fluxe-

256 1836 377 1902 rit:
426 1835 716 1915 historiae,
744 1859 887 1924 quae
914 1837 1336 1916 adferrentur,
1366 1837 1496 1926 q'na
1521 1836 1904 1908 anaoritate
1931 1836 2327 1902 niterenturz

257 1951 329 2004 et
370 1938 609 2027 ubique
648 1939 734 2005 ad
773 1945 1071 2027 quaenam
1108 1941 1225 2006 five
1271 1941 1638 2019 Poetarum,
1667 1938 1788 2004 five
1823 1937 2098 2004 aliorum
2131 1938 2330 2026 scrip-

258 2053 479 2106 torum
538 2040 715 2106 dicta
760 2040 1151 2107 alluderetur
1158 2065 1179 2121 3
1230 2040 1407 2128 quod
1460 2041 1528 2106 in
1571 2039 1694 2104 hac
1738 2061 1934 2126 opera
1977 2038 2331 2104 maximum

228 2155 668 2208 ‚momentum
711 2142 793 2206 ad
834 2143 1330 2230 intelligendum
1373 2142 1720 2213 auctorem„
1745 2141 2019 2230 pofitum
2062 2141 2208 2222 effe,
2251 2162 2333 2206 ea

262 2243 563 2330 neglecta
614 2243 1035 2330 plurimorum
1088 2245 1380 2311 locorum
1408 2267 1640 2333 neque
1688 2244 2066 2313 sententiam
2125 2263 2334 2330 neque

263 2345 651 2410 venustatem
680 2345 922 2432 percipi
952 2347 1125 2433 poffe
1150 2346 1397 2413 scirem.

346 2446 646 2533 Denique
678 2459 757 2512 ut
791 2447 917 2514 hoc
953 2448 1099 2514 loco
1127 2448 1367 2513 Erasmi
1394 2448 1765 2536 opinionem
1791 2447 2070 2514 breviter
2095 2459 2331 2534 tanga·

262 2571 433 2628 mus,
460 2549 614 2614 facit
634 2549 746 2614 viri
766 2549 988 2638 magni
1008 2550 1375 2618 auctoritas·
1441 2551 1570 2616 Hic
1598 2550 1664 2642 in
1693 2550 1952 2638 Adagio
1982 2552 2156 2614 Μετὰ
2179 2549 2338 2613 Λέσ-

260 2655 383 2732 βιον
415 2653 603 2716 ’miv
644 2651 1037 2739 fignificavit,
1068 2654 1131 2718 se
1166 2653 1233 2718 in
1262 2653 1427 2719 libro
1463 2653 1545 2718 de
1579 2653 1725 2717 Sera
1753 2651 1940 2716 Num.
1977 2647 2338 2716 Vuidaeeam

264 2750 637 2820 subodorari
660 2775 703 2818 a
726 2753 955 2818 ceteris
995 2753 1319 2820 Plutarchi
1354 2753 1602 2841 scriptis
1642 2753 1758 2819 stili
1789 2753 2233 2833 diverfitatem,
2261 2764 2340 2817 ut

264 2855 593 2922 dubitaret
617 2875 702 2919 an.
726 2856 810 2919 ad
837 2856 1117 2921 eundem
1154 2855 1481 2921 auctorem
1517 2856 1738 2920 referri
1775 2856 1983 2943 poffit.
2057 2858 2223 2920 ‘Non
2250 2854 2338 2919 est

266 2956 447 3045 qnod
491 2955 665 3023 hunc
706 2978 987 3022 errorem
1026 2956 1163 3022 fuse
1203 2956 1688 3044 redarguamus·
1776 2959 1950 3024 Nam
1991 2956 2146 3020 huic
2189 2953 2337 3042 qui-

268 3057 424 3124 dem
447 3058 665 3124 libello
691 3081 1041 3146 germanus
1068 3059 1223 3124 inest
1250 3058 1429 3124 color
1439 3085 1462 3142 3
1492 3060 1703 3138 verba,
1731 3058 2058 3136 strussura,
2087 3057 2342 3122 senten-

265 3160 507 3226 tiarum
546 3160 817 3241 lumina,
851 3160 1108 3227 dicendi
1150 3161 1401 3239 formae,
1441 3159 1809 3247 disputandi
1849 3157 2036 3237 ratic),
2082 3156 2342 3223 habitus

268 3262 551 3349 deniqne
602 3264 803 3328 totius
849 3261 1155 3327 orationis
1198 3261 1359 3328 adeo
1393 3260 1606 3326 fimilis
1643 3259 1904 3346 reliquis
1951 3258 2224 3345 scriptis,
2266 3272 2344 3322 ut

268 3363 461 3430 facile
502 3363 707 3453 quivis
747 3384 974 3430 omnes
1019 3362 1379 3428 Plutarchei
1412 3360 1656 3450 ingenii
1683 3383 1988 3426 numeros
2009 3360 2339 3447 agnoscat.

271 3469 506 3554 Itaque
546 3487 696 3531 cum
733 3465 895 3532 varii
923 3465 1125 3542 varios
1157 3463 1484 3530 Plutarchi
1518 3463 1715 3528 libros
1741 3462 1940 3538 νοθείας
1968 3462 2342 3526 convincere

267 3568 541 3657 adgreffi
568 3568 711 3648 fint,
740 3578 968 3634 contra
994 3567 1274 3633 nostrum
1302 3577 1519 3629 tamen
1540 3562 1856 3645 libellum,
1877 3563 1989 3650 qui
2015 3562 2116 3629 vel
2139 3563 2344 3649 suspi-

269 3670 528 3736 cionem
560 3667 727 3733 hanc
755 3666 1029 3733 moverit
1056 3678 1289 3753 praeter
1313 3665 1649 3730 Erasmum
1677 3685 1872 3729 nemo
1899 3676 2190 3750 repertus
2223 3663 2343 3728 est:

268 3791 486 3857 neque
514 3769 570 3833 is
598 3768 859 3857 quidem
887 3767 1307 3847 confidenter,
1336 3763 1446 3831 sed
1471 3763 1843 3830 dubitanter
1868 3762 2220 3828 admodum
2251 3763 2350 3828 sui

271 3872 459 3938 dubii
484 3871 711 3960 injecit
738 3870 1160 3936 mentionem.
1241 3881 1271 3914 ⁸
1292 3867 1554 3933 Constat
1581 3887 1839 3954 quoque
1867 3863 2126 3930 testibus
2153 3863 2347 3928 Lam-

262 3977 413 4067 pn‘a
468 3975 536 4040 in
593 3975 938 4062 catalogo,
997 3986 1065 4038 et
1090 4055 1095 4062 ἡ
1116 3972 1362 4060 Sopatro
1412 3968 1584 4056 apud
1634 3967 1918 4056 Photium
1977 3965 2146 4032 cod.
2202 3965 2348 4030 161.

270 4099 443 4168 quos
480 4077 764 4142 laudavit
802 4075 1002 4142 etiam
1026 4074 1095 4139 J.
1125 4073 1211 4139 A.
1242 4071 1551 4162 Fabricius
1580 4071 1660 4137 Β.
1699 4070 1787 4135 G.
1825 4069 1904 4133 Τ.
1935 4069 2064 4132 ΙΙΙ.
2101 4087 2170 4152 p.
2197 4081 2352 4152 357.

338 4237 363 4265 ⁸
397 4231 457 4279 ln
489 4229 855 4292 Supplementis
882 4230 943 4279 ad
974 4229 1152 4280 Stobaei
1188 4227 1330 4290 Phys.
1352 4242 1418 4276 cx
1445 4227 1525 4277 Jo.
1550 4225 1857 4276 Damascene
1889 4223 2102 4274 adfertur
2129 4221 2268 4272 locus
2288 4235 2354 4271 cx

273 4313 373 4360 hoc
394 4311 521 4361 libro
543 4325 591 4373 p.
610 4319 693 4365 27.
