2850 4817
519 241 633 300 ns
674 241 877 300 SERA
916 239 1271 300 Nummus
1312 241 1722 318 vmmc‘rA.
1763 261 1820 320 p.
1852 243 2084 339 54851‘·
2176 221 2188 234 '
2229 263 2340 320 321

274 400 548 467 Mefl'en.
580 419 647 486 p.
668 416 821 486 317.
850 417 1001 486 321.
1029 401 1185 486 336.
1261 399 1454 466 Unde
1481 399 1728 466 clarum
1755 401 1869 482 est,
1901 400 2075 466 hunc
2106 402 2347 468 Plutar-

270 501 389 566 chi
412 502 631 568 locum
662 523 797 566 non
824 522 959 565 uno
993 500 1189 566 modo
1216 500 1526 566 laborare.
1615 503 1786 568 Nam
1834 502 2044 590 primo
2085 503 2346 590 quidem

275 604 497 691 Κάπρῳ
532 603 661 668 fine
696 601 897 668 dubio
942 601 1209 680 scribere
1246 600 1451 680 voluit
1492 602 1808 669 librarius.
1895 603 2152 669 Deinde
2192 627 2345 670 cum

272 727 519 793 pugna,
547 725 677 792 qua
710 701 947 792 proditi
985 705 1133 770 sunt
1174 705 1257 769 ab
1300 704 1684 772 Aristocrate
1725 705 2044 785 Meffenii,
2075 725 2219 772 'non
2261 707 2349 772 ad

273 808 512 894 Κάπρου
547 813 729 888 σῆμα,
758 806 867 871 sed
894 806 977 871 ad
1002 799 1262 890 μἐγάλην
1287 805 1492 891 τάφρον
1519 805 1844 871 commiffa
1873 807 2100 887 fuerit3
2147 820 2346 894 patet,

270 923 393 974 aut
432 908 608 974 aliud
650 915 961 994 praeterea
1001 908 1229 973 vitium
1266 906 1528 974 insidere
1566 908 1930 988 Plutarcho,
1960 923 2078 984 aut
2101 909 2347 999 lapsum

269 1033 427 1076 eum
472 1010 677 1092 fuiffe,
710 1022 838 1076 aut
886 1033 1015 1075 non
1063 1009 1365 1089 eundem,
1410 1029 1609 1096 quem
1657 1009 2014 1089 Pausanias,
2059 1011 2348 1077 secutum

268 1112 627 1178 διιᾶσι-ειη.
715 1111 1047 1200 Xylander
1084 1110 1345 1199 quidem
1389 1111 1473 1177 ad
1520 1111 1888 1178 Pausaniam
1920 1112 1966 1177 l.
1999 1133 2059 1177 c.
2099 1134 2167 1199 p.
2193 1133 2344 1200 321.

270 1239 397 1304 pro
425 1217 633 1303 Κύπρῳ
654 1216 732 1293 h.
762 1215 809 1282 l.
842 1213 1105 1304 corrigit
1144 1215 1398 1302 Κάπρῳς
1448 1215 1554 1281 sed
1582 1215 1662 1280 fic
1689 1215 1756 1280 in
1783 1215 2012 1282 eodem
2041 1216 2181 1282 luto
2209 1218 2344 1283 hae-

270 1341 512 1385 remuS.
596 1319 823 1406 Itaque
852 1315 1146 1385 Palmerii
1172 1318 1392 1404 potius
1420 1316 1734 1383 correctio
1761 1318 2212 1406 amplectenda
2239 1323 2345 1402 est,

269 1421 386 1508 qui
412 1420 759 1486 Exercitat.
789 1441 857 1507 p.
884 1439 1031 1501 224.
1064 1418 1181 1484 ῐέπὶ
1208 1420 1418 1508 Τάφρῳ
1447 1419 1760 1486 substituit
1770 1445 1792 1501 3
1825 1421 2170 1508 praesertim
2193 1445 2344 1488 cum

270 1523 356 1590 ad
397 1535 541 1589 e'am
577 1545 779 1611 prope
813 1521 1080 1595 accedat
1114 1523 1309 1588 lectio
1347 1546 1542 1613 quam
1581 1522 1648 1588 in
1683 1525 1903 1612 Mai-g.
1941 1524 2099 1590 Ald.
2132 1525 2346 1592 inveni

244 1627 358 1690 ἐπὶ
384 1626 571 1715 τάφῳ.
600 1679 607 1686 .
657 1628 729 1693 Ν
731 1625 795 1691 ifi
829 1625 995 1692 forte
1024 1625 1405 1692 Plutarchus
1435 1626 1568 1691 duo
1599 1626 1820 1712 praelia
1846 1639 2137 1714 tempore
2161 1627 2344 1694 loco-

264 1751 401 1817 que
443 1731 802 1821 propinqua
824 1729 1144 1810 confudit,
1172 1740 1248 1794 ut
1276 1729 1560 1795 Reisstius
1582 1727 1932 1816 suspicatur
1947 1728 2004 1792 k.

357 1833 516 1917 548.
560 1835 632 1898 F.
674 1833 1057 1920 Ὀρχομενίων
1098 1834 1211 1906 τοῖς
1246 1833 1598 1909 ἀποβαλοῦσι
1634 1832 1834 1904 παῖδας
1873 1830 1970 1892 καὶ
2013 1827 2200 1912 φίλους
2247 1829 2344 1894 καὶ

270 1932 499 2009 οἰκείους
549 1936 647 2000 ὑπὸ
694 1932 1009 2018 Λυκίσκου]
1070 1931 1285 2018 Hujus
1332 1931 1423 1996 rei
1467 1943 1581 1996 aut
1619 1930 1892 1995 omnino
1933 1927 2218 2017 ¹Lycisci
2262 1951 2346 1994 ne

274 2035 608 2124 vestigium
636 2035 900 2124 quidem
930 2035 1174 2150 uspiam
1203 2033 1448 2120 reperi3
1484 2032 1659 2120 quod
1687 2032 1770 2097 de
1799 2032 1862 2097 se
1889 2049 2145 2119 quoque
2173 2031 2341 2096 fate-

270 2151 383 2204 tur
414 2138 553 2203 Cel.
562 2138 887 2218 Reiskius,
920 2136 1105 2224 cujus
1137 2157 1283 2224 vera
1311 2136 1453 2200 haec
1481 2135 1568 2200 est
1594 2133 1982 2200 observatiO.
2021 2133 2136 2197 Res
2161 2133 2340 2198 Βαο-

270 2241 425 2304 ticas
475 2237 627 2304 alii
637 2249 896 2306 ααᾶονεε
947 2239 1339 2327 negligentius
1385 2247 1744 2318 traciarum,
1797 2260 1949 2326 quas
1997 2249 2068 2300 ut
2104 2236 2342 2322 patrias
2362 2216 2546 2300 16

266 2343 567 2430 attingere
607 2341 973 2408 Plutarchus
1014 2355 1204 2408 amat.
1291 2343 1678 2430 Quanquam
1723 2341 2040 2406 incertum
2083 2361 2341 2427 quoque

264 2447 382 2526 est,
415 2458 633 2511 utrum
674 2444 756 2511 de
792 2444 1086 2510 Boeotica
1114 2467 1196 2509 an
1224 2443 1540 2509 Arcadica
1566 2443 1979 2510 Orchomeno
2008 2455 2061 2488 ¹¹²
2081 2442 2189 2508 hic
2218 2443 2343 2509 ser-

269 2571 383 2613 mo
426 2546 781 2614 {ie—vom
809 2558 880 2611 et
908 2544 1089 2611 Harl.
1123 2545 1436 2611 omittunt
1471 2542 1552 2608 τιὸ
1577 2543 1726 2622 πόδε,
1757 2544 1932 2631 quod
1965 2543 2346 2630 neutiquam,

269 2641 479 2715 abefl'e
520 2649 743 2734 potest.
774 2662 783 2670 ‘
832 2646 1143 2713 Similiter
1181 2669 1293 2711 eos
1327 2646 1442 2733 qui
1481 2644 1895 2732 hippocampi
1922 2645 2106 2732 piscis
2135 2647 2244 2711 esu
2270 2646 2339 2711 in

269 2751 565 2815 fiii-orem
587 2747 951 2836 adigantur,
977 2769 1213 2835 aquam,
1238 2760 1537 2834 appetere
1559 2761 1633 2811 et
1655 2746 1926 2832 ῡτὲγγειν
1948 2746 2028 2810 ταὶ
2052 2746 2177 2812 πόδε
2201 2767 2339 2810 nar-

268 2866 373 2919 rat
395 2853 643 2920 AElian..
670 2855 761 2918 H.
790 2845 878 2918 Α.
910 2854 1093 2918 XIV.
1125 2871 1314 2919 20—.
1401 2849 1713 2931 Νέμεα-θαι,
1755 2849 2184 2931 κατανέμεσθαι,
2213 2842 2335 2911 §dn-

262 2956 525 3038 νέμεσθαι
549 2954 872 3022 ‘dicuntur
907 2955 989 3018 de
1032 2953 1271 3018 morbis
1308 2965 1375 3017 et
1412 2949 1758 3017 ulceribus.
1849 2951 2170 3015 Plutarch.
2211 2950 2338 3014 Ar-

268 3071 402 3122 tax.
432 3077 500 3142 p.
536 3073 722 3142 1023.
755 3055 837 3120 C.
866 3059 1046 3135 ἀλφοῦ
1072 3051 1531 3135 κατανεμηθείσης
1561 3055 1726 3127 αὐτῆς
1754 3052 1817 3114 τὸ
1847 3057 2041 3132 σῶμα.
2094 3051 2335 3136 Super-

267 3159 393 3224 stit.
436 3180 506 3245 p.
540 3159 684 3242 165.
729 3156 810 3221 C.
884 3155 1023 3221 Dio.
1059 3155 1287 3241 Chrys.
1318 3154 1436 3219 Or.
1465 3153 1680 3218 LVII.
1722 3174 1788 3238 p.
1817 3166 1970 3236 571.
2000 3151 2088 3216 D.
2115 3149 2336 3233 νέμεται

266 3263 369 3324 ὑπὸ
412 3266 612 3324 ἑλκῶν.
699 3260 789 3323 Et
814 3257 893 3324 fic
922 3257 1085 3343 saepe
1126 3254 1373 3322 Medici
1412 3254 1648 3335 Graeci,
1680 3268 1756 3319 ut
1782 3265 1968 3319 notat
1996 3254 2172 3320 Foes.
2204 3256 2336 3320 (Ε-

339 3445 355 3478 ¹
384 3446 462 3509 Sic
490 3447 689 3496 Pausan.
717 3446 802 3495 1v.
831 3455 907 3501 17.
940 3461 989 3506 p.
1012 3455 1126 3494 323.
1155 3445 1254 3493 cla·
1353 3444 1599 3491 chomeno
1630 3441 1783 3504 loqui,
1817 3456 1930 3504 quae
1963 3435 2192 3490 celebrior
2228 3442 2351 3497 fuit..
2379 3438 2393 3452 '

262 3532 385 3578 dem
413 3532 543 3580 hanc
570 3543 713 3582 vocat
742 3531 827 3583 σὺν·
842 3531 882 3578 iv
906 3531 1066 3597 Τάφρῳ
1090 3539 1255 3590 eoppa-
1354 3523 1522 3582 Hujus
1539 3522 1814 3586 reipublicae
1831 3523 2042 3571 formam
2058 3519 2339 3586 descripsisse

265 3609 365 3677 gd·-
400 3625 481 3662 20.
502 3629 549 3678 p.
568 3623 682 3670 827.
1314 3669 1333 3684 .
1351 3605 1624 3654 Aristoteles
1654 3606 1858 3653 videtur.
1914 3605 2098 3656 Polluc.
2129 3606 2198 3656 X.
2229 3617 2342 3655 105.

332 3692 361 3726 ’ἰ
388 3693 482 3740 οὔκ
488 3693 549 3741 ἔτ’
574 3693 634 3746 δε
605 3713 685 3741 m
713 3695 773 3744 de
804 3694 1049 3744 Meffeniis
1069 3695 1257 3744 videtur
1354 3687 1612 3750 Callippus·
1641 3687 1920 3736 Corinthius
1955 3688 2061 3748 ejus
2092 3688 2340 3738 historiam

266 3779 634 3839 frequentatum
646 3778 802 3826 fixisse·
846 3777 1049 3840 Dionys.
1066 3778 1179 3826 Hal
1196 3778 1257 3824 de
1353 3767 1588 3829 exposuit·
1621 3767 1821 3816 Pausan·
1841 3767 1930 3814 IX·
1947 3774 2057 3823 7⁶⁵·
2076 3769 2194 3815 forte
2208 3767 2338 3826 idem

148 3853 153 3864 '
268 3860 494 3907 Isocm'
484 3875 535 3907 m
555 3859 867 3914 Archidamo.
1350 3864 1503 3912 quem
1543 3849 1666 3897 inter
1704 3849 1914 3897 Zenonis
1949 3848 2206 3910 discipulos
2244 3862 2338 3894 nu-

333 3937 347 3972 ¹
382 3939 563 4001 Lycisci
598 3953 782 3987 nomen
818 3939 869 3986 in
906 3909 1251 3988 Meffeniorum
1353 3941 1509 3980 metat
1527 3930 1670 3992 Diog·
1693 3931 1850 3978 Laflrt·
1869 3929 2081 3978 V11.as.

240 4015 250 4022 '
268 4022 410 4069 rebus
428 4019 616 4068 nobilis.
639 4034 793 4068 errore
815 4020 1059 4070 Plutarchi
1080 4022 1141 4069 ad
1162 4021 1255 4070 Or·
1420 4015 1664 4077 ”Impuri
1694 4013 1826 4062 caede
1855 4013 2035 4074 quibus
2059 4020 2232 4060 terram
2255 4023 2337 4057 ac-

264 4098 554 4148 chomenios
576 4099 859 4147 transsatum
880 4101 964 4148 est.
1352 4097 1522 4145 cedere
1554 4097 1688 4144 nefas
1720 4095 1852 4143 Plato
1890 4096 2000 4155 Leg.
2033 4093 2117 4141 lv.
2151 4107 2200 4154 p.
2225 4099 2337 4148 657.

329 4187 367 4212 ¹·
400 4177 603 4226 Videt'm·
636 4187 805 4228 tamen
838 4179 899 4226 de
932 4179 1131 4228 Boeotiae
1163 4177 1255 4226 Or·
1355 4179 1411 4228 C.

360 4283 539 4328 vor..
574 4281 723 4326 vn.
1134 4281 1149 4312 κ
1462 4283 1509 4324 Y

1358 4491 1444 4565 a
