2850 4817
501 323 615 381 280
798 315 877 380 ι).
919 320 1016 379 w.
1058 300 1470 378 Amnum.-
1496 317 1590 376 m
1629 315 2110 378 PLUTARcm
2150 315 2308 374 Lm.

498 493 611 546 net
637 479 721 548 ad
746 477 913 545 h'anc
938 499 1075 544 rem
1096 477 1462 546 -Jamblichi
1490 475 1838 564 disputatio
1877 476 1944 542 in
1984 475 2184 563 Epist:
2219 475 2305 541 ad
2337 474 2616 564 Dexip·
2709 474 2716 484 ’

498 589 661 671 pum
689 605 797 671 ap.
828 583 1019 648 stob.
1046 579 1218 646 Flor.
1248 581 1566 647 LXXIX.
1596 597 1882 668 p.471.
2607 618 2614 624 -

581 709 647 774 p.
675 687 829 772 387.
860 684 949 748 A.
994 688 1037 747 εἰ
1078 691 1155 766 ἣμ
1158 681 1279 770 ἐρα,
1320 692 1432 767 φῶς
1461 684 1636 769 ἐστὶν]
1693 683 1852 748 Poll.
1901 683 2160 748 Schott.
2197 683 2484 748 Jannot.
2519 683 2620 748 A·

500 810 654 852 non.
685 789 869 852 Mez.
907 791 1082 868 εἲῆμε
1067 785 1155 870 'pa
1185 783 1359 864 ἐστὶν,
1388 792 1498 869 φῶς
1527 787 1677 848 ἔστιν
1681 786 1824 849 A.
1855 787 1901 848 εἰ
1941 782 2118 871 ἡμέρα
2157 784 2282 848 ἐστὶ
2315 791 2468 868 φῶς,
2501 791 2619 868 φῶς

496 893 670 955 ἔστιν.
752 891 861 958 De
889 911 958 954 re
987 888 1129 954 vide
1158 886 1516 975 proximam
1545 889 1816 953 Notam.

582 993 735 1078 387.
764 990 854 1056 A.
887 991 1287 1078 ἐμφάσεως-]
1332 991 1515 1056 Mez.
1550 989 1895 1077 adscripsit,
1927 989 2238 1069 συνάψεως,
2267 1011 2350 1054 ex
2377 989 2612 1076 Amy-

500 1093 593 1158 oti
621 1094 899 1159 versione
926 1094 1316 1180 susceptum.
1407 1093 1744 1180 Xylander
1769 1093 1946 1158 re8ce
1972 1091 2164 1157 vertit
2183 1091 2614 1178 stgngficatio-

495 1195 611 1260 nis.
702 1195 1089 1292 Exemplum
1128 1195 1501 1284 Syllogismi
1540 1195 1841 1282 stequens
1881 1193 2137 1260 Stoicis.
2183 1217 2245 1258 v.
2277 1215 2338 1257 c.
2387 1192 2612 1280 Diog.

404 1327 423 1352 ο
498 1299 714 1362 Laert.
744 1298 901 1363 VII.
934 1298 1043 1378 68,
1073 1298 1181 1383 69.
1227 1297 1343 1384 qui
1382 1293 1730 1362 mendosus
1765 1295 2184 1384 corrigendus
2225 1297 2312 1360 est
2346 1304 2438 1359 'ex
2479 1317 2606 1382 ge·

499 1399 689 1464 minis
732 1398 893 1464 locis
938 1399 1113 1465 Sexti
1160 1401 1351 1487 Emp.
1397 1400 1571 1465 Adv.
1619 1400 1944 1466 Mathem.
1984 1400 2176 1466 VIII.
2222 1398 2608 1486 294—306.

497 1504 691 1569 VIII.
719 1521 1090 1590 429—433.
1181 1504 1494 1592 Pyrrhou.
1541 1505 1888 1592 Hypotyp.
1929 1505 2055 1567 ΙΙΙ.
2097 1522 2243 1582 ιιι,
2283 1521 2436 1570 112.
2485 1499 2604 1564 ubi

496 1605 826 1693 συγᾶρτησις
860 1619 930 1672 et
977 1604 1213 1690 ἔμφασις
1252 1621 1705 1694 exponuntur:
1753 1613 1803 1671 οἶ
1832 1608 1887 1670 δὲ
1915 1605 2245 1694 συνᾶρτησιν
2273 1604 2604 1694 εἰσάγοντες

506 1705 623 1792 (ita
670 1707 815 1796 lege
864 1730 983 1795 pro
1040 1709 1482 1795 συνεισάγοντες)
1529 1711 1679 1795 ὑγιὲς
1724 1707 1863 1774 εἶναι’
1901 1727 2039 1792 φασι
2083 1708 2427 1792 συνημμένον
2443 1709 2606 1770 -εὶ

494 1808 674 1896 ἡμέρα
724 1812 897 1890 ἐστὶν,
952 1811 1131 1900 ἡμέρα.
1178 1814 1348 1876 ἔστιν·
1411 1818 1459 1876 οἱ
1507 1813 1564 1875 δὲ
1601 1815 1678 1898 τῇ
1725 1809 1960 1894 ἓμφίισει
2009 1809 2274 1894 κρίνοντές
2318 1829 2468 1892 φασι
2517 1807 2601 1872 ὅτι

494 1912 689 1992 ἀληθές
730 1908 851 1978 ἔστι
893 1913 1227 1997 συνημμένον
1268 1913 1327 1979 οὗ
1378 1914 1442 1977 τὸ
1486 1919 1658 1999 λῆγον
1702 1918 1755 1977 ἐν
1803 1919 1883 1999 τῷ
1931 1912 2214 2000 ἡγουμένῳ
2251 1911 2596 2001 ,περιέχεται

495 2012 686 2081 -οἵον
736 2014 926 2097 οὕτως,
974 2020 1021 2080 εἴ
1064 2014 1239 2104 ἡμέρα
1285 2021 1434 2081 ἐστιν
1477 2024 1588 2098 φῶς
1631 2020 1802 2096 ἔστιν,
1842 2019 2004 2094 ἀλλὰ
2044 2020 2151 2099 μὴν
2192 2014 2373 2102 ἡμέρα
2419 2019 2596 2094 ἔστιν,

452 2149 457 2154 ·
495 2124 603 2195 φῶς
647 2116 761 2205 ἄρα
804 2117 975 2184 ἐστίν.
1066 2119 1395 2185 Fabricius
1424 2117 1506 2184 ad
1535 2119 1602 2184 h.
1633 2117 1678 2183 l.
1721 2118 2174 2200 Blutarcbeum
2205 2117 2388 2182 hunc
2417 2115 2601 2186 adfe-

493 2241 660 2301 renS,
722 2220 1093 2306 “imao-15?
1146 2214 1382 2308 inquit,
1441 2228 1488 2261 “
1503 2221 1590 2286 est
1647 2221 1920 2308 potestas
1981 2219 2375 2308 significandi
2439 2219 2594 2307 plus

496 2329 547 2364 “
577 2322 770 2411 'quam
801 2325 995 2390 verbo
1024 2324 1427 2412 exprimitur,
1467 2323 1640 2390 unde
1683 2323 1888 2418 lateus
1929 2323 1996 2389 in
2035 2324 2147 2389 ino
2177 2345 2252 2390 ac
2282 2347 2590 2411 compte-

496 2430 547 2464 “
575 2423 843 2492 hensum
901 2425 1136 2498 deinde
1190 2427 1330 2493 erui
1381 2450 1458 2492 ac
1521 2439 1850 2514 tamquam
1910 2428 2304 2514 consequens
2339 2425 2591 2516 ,colligi

493 2533 544 2568 “
572 2529 836 2614 potest.”
926 2530 1159 2596 Cicero
1203 2529 1472 2596 Rhetor.
1516 2529 1628 2600 Ad
1671 2533 1965 2599 Herenn.
2010 2533 2131 2597 IV.
2170 2553 2297 2617 54:
2319 2529 2590 2620 stgmjfi'-

373 2680 382 2689 .
490 2629 767 2694 cntionem
801 2647 913 2720 per
956 2634 1412 2721 corgsequentiam
1455 2634 1758 2723 appellat.
1850 2634 1958 2700 Sic
1991 2648 2076 2714 *et
2116 2633 2224 2698 alii
2267 2633 2590 2702 Rhetooes

490 2729 729 2816 ἔμφασιν
753 2733 1153 2813 describunt;
1201 2757 1479 2822 quorum
1508 2735 1689 2802 locos
1719 2737 2014 2824 apposuit
2039 2737 2106 2803 J.
2139 2735 2372 2804 Christ.
2403 2735 2580 2802 The-

488 2833 695 2921 ophil.
725 2834 1045 2900 Ernestius
1073 2835 1139 2901 in
1170 2836 1408 2902 Iaexico
1437 2836 1901 2903 Technol.·Gr.
1935 2837 2128 2904 Rhet.
2167 2901 2172 2906 .

573 2938 725 3024 387.
757 2939 842 3004 A.
886 2938 1206 3018 ἀποδείξεως
1240 2941 1510 3027 ἂρχὴ-]
1559 2940 1942 3028 Legendum
1973 2940 2295 3028 ἀποδείξεως
2323 2942 2370 3002 δ’
2399 2942 2580 3029 ἀρχὴ,

317 3010 321 3024 ⁸
417 3064 434 3082 κ
490 3021 566 3105 ut
592 3041 828 3106 Venet.
857 3041 1039 3104 Mez.
1071 3040 1277 3109 Reisk.

570 3140 725 3226 387.
753 3141 833 3206 B.
852 3139 1220 3230 “Ὀμηρος--]
1271 3141 1460 3208 Iliad.
1491 3149 1568 3208 A.
1596 3161 1702 3228 70.

570 3245 724 3329 387.
756 3246 845 3311 D.
886 3246 1518 3336 Ἠρακλῆς-ὑποσπᾷν
1561 3249 1706 3329 ἔδοξε
1748 3249 1835 3337 βί
1795 3277 1853 3314 ια
1885 3251 1978 3314 τὸν
2013 3276 2100 3334 τρι
2085 3249 2269 3336 ’ποδα]
2323 3249 2574 3317 Plutar-

484 3343 645 3410 chus
674 3345 827 3412 alibi
854 3348 957 3413 De
987 3350 1129 3415 Ser.
1159 3350 1366 3416 Num.
1399 3349 1600 3418 Vind.
1631 3372 1700 3439 p.
1723 3367 1876 3437 557.
1909 3351 1990 3416 C.
2034 3352 2188 3436 560.
2221 3352 2314 3422 D·
2367 3349 2580 3437 Apol-

483 3446 745 3518 lodorus
784 3450 874 3514 II.
917 3452 983 3530 6,
1031 3470 1091 3519 2.
1184 3452 1416 3520 Cicero
1467 3453 1624 3520 Nat.
1669 3455 1873 3520 Deor.
1923 3454 2052 3520 III.
2099 3457 2203 3520 16.
2258 3454 2373 3520 ubi
2417 3454 2576 3520 alios

484 3550 679 3618 etiam
708 3553 991 3640 appellat
1019 3556 1332 3622 Davisius.

565 3655 720 3740 387.
764 3656 856 3722 D.
908 3656 1355 3748 Εὕστςοφον-]
1406 3659 1540 3724 Hie
1583 3659 1915 3726 inducitur
1957 3659 2334 3748 colloquens
2377 3662 2570 3750 Sym-

480 3757 615 3843 pos.
645 3759 803 3824 VII.
832 3778 900 3842 4.
932 3781 998 3846 p.
1024 3775 1174 3844 702.
1208 3761 1297 3824 D.
1332 3758 1652 3849 Εὔστροφος
1679 3763 1984 3842 Ἀθηναῖος,
2009 3775 2079 3828 et
2107 3776 2261 3849 703.
2292 3764 2382 3829 D.

565 3859 720 3946 387.
751 3861 843 3941 D,
874 3868 950 3926 Ε.
994 3865 1090 3940 τὴν
1133 3867 1351 3938 λεοντῆν
1394 3862 1844 3950 ἐπενδυσάμενος]
1903 3864 2222 3931 proverbii
2266 3863 2460 3932 instar
2495 3888 2572 3931 ex

480 3962 787 4028 Herculis
824 3981 1003 4028 more
1032 3963 1353 4030 ·dufiimm.
1338 3989 1353 4006 ·
1407 3965 1640 4031 Suidas
1681 3971 1796 4046 Τὴν
1837 3973 2058 4045 λεοντῆν
2103 3971 2218 4032 ἐνδυ
2198 3967 2301 4034 ὀυ’
2347 3965 2470 4034 ἴσον
2492 3971 2575 4052 τῷ

478 4091 577 4146 γεν
552 4065 785 4147 νναιζου.
874 4065 1200 4130 Plutarch.
1250 4067 1425 4159 Opp.
1471 4070 1652 4134 Mor.
1689 4091 1758 4155 p.
1798 4090 1944 4157 190.
1981 4073 2061 4135 Ε.
2109 4090 2263 4157 229·
2296 4071 2372 4135 Β.
2420 4071 2570 4156 785.

480 4165 561 4228 E.
607 4165 743 4230 Vit.
768 4181 917 4266 437.
945 4169 1030 4232 A.
1070 4170 1223 4253 956.
1250 4172 1319 4234 F.
1381 4170 1562 4237 Plato
1595 4171 1844 4260 Cratyl.
1870 4194 1936 4259 p.
1959 4173 2107 4242 268.
2114 4177 2236 4244 Ε..
2273 4173 2570 4255 Erasmus
2619 4193 2629 4201 ·

478 4265 692 4353 Adag·
726 4289 790 4356 r>
813 4285 964 4353 447
991 4273 1142 4356 699·
