2850 4817
232 423 361 482 DE
394 411 637 482 ALEX.
678 419 767 479 M.
810 419 1213 480 FORTUNA.
1254 419 1385 479 ΟΒ.
1416 421 1496 480 11.
1540 442 1595 500 p.
1627 433 1763 496 334.
1793 423 2151 500 (ξι-33911.
2201 436 2308 500 ¹²3

234 582 319 646 F.
362 583 511 669 825.
536 581 624 646 A.
670 570 846 644 Mor.
876 579 1027 664 785.
1060 579 1132 643 F.
1178 579 1333 644 item
1380 578 1563 645 Plato
1606 581 1766 667 Leg.
1811 579 1898 646 X.
1941 600 2006 668 p.
2035 581 2186 666 667.
2233 582 2310 647 B.

232 683 405 748 illud
433 683 631 749 etiam
664 682 920 747 Aristidi
946 683 1025 748 T.-
1054 683 1109 745 1.
1141 703 1211 768 p.
1229 684 1339 763 64.
1368 683 1448 746 T.
1479 682 1571 746 ΙΙ.
1604 703 1664 768 p.
1685 684 1834 768 367.
1899 671 1909 682 ⁹

332 806 480 872 334.
514 785 594 850 C.
625 775 929 872 Βριθὺς-]
963 783 1255 870 AEschyli
1281 785 1490 850 versus
1511 809 1530 848 ι
1567 795 1827 849 notatus
1863 804 1929 870 p.
1957 800 2108 870 317.
2137 786 2217 851 E.
2245 795 2316 852 et

234 890 373 955 hoc
416 889 566 955 loco
608 889 766 954 dant
806 889 1159 954 ἆντιπᾶλοισι
1198 888 1349 954 Ald.
1398 890 1540 955 Bas.
1577 890 1658 954 E.
1699 891 1769 954 F.
1813 889 1984 986 Voff.
2027 891 2312 958 Gronov.

240 992 436 1056 Harl.
470 994 608 1057 Pet.
766 1035 771 1038 -

330 1114 482 1180 334.
513 1095 605 1158 D.
647 1095 918 1180 τραγῳδοὶ
954 1095 1056 1176 μὲν
1092 1100 1140 1158 οἳ
1176 1089 1295 1178 περὶ
1324 1095 1616 1158 Θετταλὸν
1648 1095 1744 1157 καὶ
1769 1091 2316 1180 Ἀθηνόδωρον-ἥτ-

240 1197 503 1278 τημένον]
550 1195 781 1261 Iisdem
825 1196 957 1261 fere
998 1195 1205 1261 verbis
1245 1217 1347 1261 ree
1384 1209 1672 1262 narratur
1697 1195 1763 1260 in
1791 1195 1949 1260 Vita
1971 1193 2322 1260 Alexandri

242 1315 317 1383 p.
344 1299 499 1361 681.
530 1299 619 1362 D.
660 1298 775 1362 ubi
815 1319 1051 1362 nomen
1082 1298 1168 1362 est
1196 1298 1524 1375 Θεσσαλὸς,
1553 1310 1631 1362 ut
1656 1295 1722 1360 in
1751 1291 1876 1360 alia
1901 1318 1970 1362 re
1998 1315 2320 1362 memora-

244 1411 355 1464 tur
383 1421 451 1486 p.
474 1401 626 1486 669.
656 1400 748 1464 D.
778 1412 845 1464 et
872 1398 939 1464 in
970 1400 1125 1465 Vita
1150 1396 1600 1465 Demosthenis
1629 1420 1696 1485 p.
1720 1399 1869 1483 854.
1898 1399 1986 1463 A.
2015 1397 2321 1486 liquidem

242 1501 420 1567 idem
453 1501 669 1567 histrio
695 1501 1025 1590 fignifieari
1052 1501 1334 1568 videtur·
1365 1501 1523 1566 item
1548 1500 1722 1588 apud
1741 1500 2134 1567 Athenaeum
2163 1501 2321 1568 XII.

244 1626 311 1721 p.
342 1605 502 1720 538.
536 1607 607 1671 F.
637 1628 717 1672 ex
755 1604 1049 1672 Charetis
1092 1603 1344 1670 historia
1377 1601 1751 1683 Alexandri,
1780 1624 1931 1668 cum
1956 1603 2325 1668 Athenodoro

236 1705 361 1793 jun
442 1721 567 1772 tur.

332 1707 487 1892 ἕξει.
518 1809 599 1872 Ε.
644 1806 767 1871 Mae
768 1833 880 1871 ωνα
909 1807 1003 1869 τὸν
1038 1804 1337 1892 Σκαρφέα]
1390 1807 1558 1870 Item
1587 1804 1849 1892 gemino
1875 1805 2022 1872 loco
2051 1807 2324 1874 refertur

244 1909 388 1974 Vit.
419 1909 607 1974 Alex.
632 1930 698 1995 p.
724 1911 873 1974 681.
900 1910 973 1972 E.
1044 1907 1149 1974 Sic
1176 1909 1259 1972 ab
1288 1907 1692 1972 histrionibus
1721 1917 2038 1972 mutatam
2067 1907 2322 1974 drama·

246 2023 397 2076 tum
441 2011 789 2078 diffitionem
840 2023 1063 2076 monet
1102 2009 1572 2076 Valckenarius
1613 2007 1694 2072 ad
1733 2007 1954 2096 Eurip.
1999 2010 2225 2075 Phoen.
2256 2033 2324 2098 p.

251 2133 412 2199 432·

337 2234 491 2301 334.
524 2217 599 2280 F.
630 2214 1029 2303 Ἀριστόνικος]
1062 2215 1177 2280 ’ΒΕ
1218 2211 1411 2300 hujus
1441 2210 1776 2276 citharoedi
1805 2210 1988 2277 obitu
2015 2211 2326 2278 Arrianus

252 2320 379 2383 IV.
415 2319 514 2381 16.
604 2318 681 2381 In
728 2317 1005 2404 Philippi
1045 2314 1600 2403 compotatoribus
1641 2325 2016 2380 numeratur
2041 2336 2082 2378 a
2105 2312 2326 2380 Theo-¹·

247 2443 498 2508 pompe
528 2441 633 2506 ap.
668 2420 919 2485 Athen.
960 2419 1108 2486 XV.
1140 2441 1207 2506 p.
1236 2437 1389 2505 435.
1418 2417 1498 2482 B.
1589 2418 1664 2481 In
1693 2417 2069 2484 Memnonis
2105 2418 2326 2486 amicis

246 2547 288 2588 a
320 2522 626 2608 Polyaeno
650 2524 739 2587 V.
768 2541 879 2603 44,
916 2539 975 2584 1.

338 2627 413 2709 p.
430 2638 579 2709 335
603 2625 688 2688 A.
717 2617 1111 2707 Ἀντιγενίδου]
1150 2621 1464 2686 Eamdem
1491 2643 1630 2685 rem
1657 2641 1916 2686 narrans
1939 2619 2070 2686 Dio
2093 2616 2328 2710 Chrys.

246 2729 374 2790 Or.
417 2724 469 2788 Ι.
515 2724 725 2803 initio,
756 2737 825 2790 et
860 2723 1123 2790 Basilius
1150 2723 1251 2786 M.
1340 2723 1446 2788 De
1473 2722 1796 2810 Legendis
1827 2724 1942 2787 Gr.
1972 2745 2036 2810 p.
2064 2743 2214 2809 499.
2245 2725 2325 2790 B.

246 2827 589 2892 ‘tibicinem
630 2825 1050 2894 Timotheum
1094 2823 1415 2911 produnt:
1459 2837 1530 2890 et
1572 2825 1956 2911 Anonymus
1984 2825 2218 2891 Schol.
2263 2826 2332 2892 in

252 2931 747 3016 Hermogenem
778 2926 935 2991 edit.
964 2926 1121 2991 Ald.
1150 2927 1229 2990 T.
1263 2927 1353 2991 II.
1383 2943 1449 3012 p.
1470 2943 1621 3012 343.
1687 2923 1815 2990 Sed
1843 2925 2130 2990 neutrius
2158 2927 2334 2992 aetati

251 3030 412 3095 satis
455 3028 777 3116 congruit,
820 3028 903 3093 de
946 3049 1075 3114 qua
1115 3026 1391 3092 diximus
1419 3049 1485 3113 p.
1519 3044 1622 3094 22.
1665 3025 1753 3090 A.
1798 3043 1917 3117 32.
1938 3027 2028 3090 D.
2079 3047 2224 3112 193.
2257 3028 2331 3093 F.

250 3135 349 3197 Et
393 3129 654 3216 quidem
691 3128 1073 3194 Timotheus
1108 3127 1498 3194 citharoedus
1529 3127 1924 3213 perhibetur.
2005 3127 2336 3212 Αρμᾶτειος
2430 3159 2444 3167 -

132 3227 137 3230 ’
248 3233 421 3314 νόμος
477 3230 801 3295 Plutarch.
874 3229 1105 3294 Music.
1157 3250 1233 3315 -.p
1286 3247 1474 3315 1133.
1520 3232 1600 3307 E,
1648 3229 1719 3292 F.
1791 3226 2082 3314 Euripid.
2129 3229 2332 3296 Orest.

256 3353 459 3420 1391.
532 3327 821 3420 Etymol.
854 3329 958 3396 Μ.
994 3331 1303 3419 Hesychii
1330 3330 1738 3417 interpretes.

350 3455 501 3522 335.
531 3437 625 3499 A.
643 3433 845 3520 “Epora
886 3437 1004 3520 γὰρ
1048 3433 1297 3519 dvm—q
1352 3433 1684 3498 Alemanis
1726 3434 1848 3498 effe
1891 3433 2217 3522 colligitur
2255 3456 2337 3502 ex

258 3536 671 3604 Plutarcho
654 3559 721 3600 m
764 3536 919 3604 Vita
952 3534 1251 3622 “Lyeurgi
1293 3557 1361 3622 p.
1399 3551 1511 3621 53.
1552 3535 1659 3600 D=
1691 3533 1894 3616 ‘Epa-u
1930 3539 2048 3622 γὰρ
2083 3536 2226 3601 322³oe
2257 3543 2337 3624 τῷ
2402 3582 2406 3586 -

254 3639 473 3726 σιδάρῳ
496 3640 559 3702 τὸ
589 3645 777 3713 καλῶς
806 3637 1149 3726 κιθαςῖσὸειν·
1182 3641 1251 3712 ὥς
1277 3643 1303 3701 ὁ
1331 3638 1650 3710 Λακωνικὸς
1674 3641 1890 3714 ποιητὴς
1916 3636 2140 3724 εἴρηκεν.
2213 3639 2336 3704 Ul·-

206 3763 211 3768 “
260 3741 503 3806 timum
528 3742 795 3806 verbum
825 3740 997 3805 reete
1023 3739 1325 3823 κιθαρίσδειν
1352 3738 1556 3803 edidit
1580 3739 1712 3812 JQs.
1743 3737 2030 3826 Scaliger
2053 3739 2143 3804 ad
2179 3743 2344 3806 Var-

260 3863 489 3906 ronem
532 3843 610 3906 R.
644 3845 722 3907 R.
755 3863 819 3927 p.
854 3861 1000 3928 195.
1038 3840 1318 3928 primum
1348 3839 1481 3927 legi
1510 3840 1646 3904 vult
1674 3839 1842 3927 ῥέπει,
1855 3837 2035 3925 firr‘o
2061 3853 2374 3926 praepon-.

261 3944 439 4006 derat
466 3943 942 4031 egregie-fidibus
971 3965 1197 4022 canere,
1230 3941 1405 4028 quod
1433 3939 1810 4027 metaphora
1837 3941 2044 4005 sumta
2072 3940 2144 4004 fit
2163 3963 2201 4004 a
2223 3941 2343 4004 sta-

265 4058 441 4110 tera:
498 4067 629 4109 non
678 4045 803 4108 fine
851 4043 977 4110 veri
1031 4040 1273 4129 speciei
1322 4041 1554 4108 melius
1595 4041 1884 4128 quidem,
1931 4059 2122 4127 quarn
2167 4042 2346 4127 quod

264 4146 534 4235 vulgata
558 4147 898 4232 profitetur
929 4147 1163 4212 obviam
1190 4147 1239 4209 it
1266 4146 1425 4210 horti
1454 4147 1632 4214 bonus
1659 4144 1984 4230 citharg’sta.
2093 4195 2098 4200 .

354 4267 435 4334 33
439 4267 506 4332 5.
541 4249 629 4311 A.
668 4249 1159 4324 Ἀπελλῆς-τὸν
1196 4245 1605 4336 κεραυνοφόρον]
1667 4243 2046 4311 Plutamhus
2090 4242 2155 4307 in
2199 4242 2348 4308 Vit.

268 4343 460 4412 Alex.
494 4369 565 4439 p.
589 4348 741 4413 666.
771 4347 858 4414 A.
906 4346 1143 4413 Plinius
1176 4349 1387 4416 Η.Ν.
1420 4347 1704 4414 XXXV.
1727 4347 1836 4432 36,
1869 4359 1979 4432 15:
2017 4343 2348 4434 ⁴adpones-m·
