2850 4817
447 343 559 402 DE
598 341 837 401 ALEX-
878 343 966 400 M.
1006 341 1411 402 FORTUNA.
1453 343 1586 402 ΟΒ.
1613 344 1664 401 Ι.
1707 359 1763 422 p.
1793 343 1928 419 328.
1959 343 2036 404 D.
2177 364 2284 422 ¹¹3

228 523 339 586 pro
370 501 467 566 his
497 501 821 566 Tibur-enos
858 501 1217 567 nominans.
1304 498 1554 566 Similia
1587 501 1890 590 legantur
1919 501 2094 588 apud
2118 503 2288 570 Dio·-

226 625 447 690 genem
478 604 691 668 laert.
720 603 841 668 IX.
868 605 974 689 83.
1026 605 1293 668 Sextum
1316 601 1564 689 Empir.
1597 603 1908 692 Pyrrhon.
1937 605 2118 692 Hyp.
2155 606 2282 670 111.

230 723 367 772 210.
434 705 769 770 AElianum
812 706 968 770 Var.
1014 704 1180 770 Hist.
1227 705 1345 770 IV.
1386 725 1444 768 1.
1483 704 1598 769 ubi
1625 704 1876 770 videndi
1903 705 2284 792 interpretes

226 807 535 872 Fabricius
558 821 624 872 et
654 806 1053 872 Perizoniusz
1100 819 1243 871 tum
1264 829 1411 874 vero
1441 807 1786 894 Menagius
1813 807 1898 872 ad
1917 808 2118 896 Diog.
2148 811 2279 874 La-

222 923 335 973 ert.
367 911 485 975 VI.
520 923 625 996 79.
701 911 1023 974 Persarum
1060 908 1470 974 matrimonia
1495 931 1645 974 cum
1675 910 1988 976 matribus
2017 911 2282 978 subinde

222 1026 685 1080 memorantur:
734 1035 797 1076 v·
827 1035 887 1076 c.
926 1011 1211 1098 Diogeni
1246 1011 1506 1078 Laertio
1547 1014 1794 1078 Proem.
1824 1030 1888 1098 7.
1916 1014 2038 1079 IX.
2069 1015 2176 1100 83.
2213 1027 2284 1080 et.

225 1115 519 1202 Menagio
558 1113 797 1180 citatis.
886 1114 1085 1181 Dioni
1130 1114 1360 1202 Chrys.
1400 1116 1517 1181 Or.
1551 1117 1639 1180 X.
1680 1136 1748 1202 p.
1783 1133 1930 1202 150.
1957 1118 2048 1183 D.
2139 1117 2276 1182 Co-

224 1216 369 1280 noni
420 1219 675 1282 Narrat.
731 1217 852 1280 IX.
904 1216 1015 1281 fin.
1068 1237 1135 1302 p.
1180 1235 1328 1302 252.
1416 1217 1614 1282 Sexto
1661 1217 1906 1306 Empir.
1959 1219 2276 1306 Pyrrhon.

222 1319 395 1406 Hyp.
425 1321 478 1382 1.
516 1337 662 1403 152.
710 1318 835 1382 111.
868 1332 1015 1403 205.
1058 1315 1172 1382 ubi
1215 1317 1542 1404 utriusque
1585 1319 1924 1406 Scriptoris
1963 1319 2280 1408 interpres

220 1421 513 1486 Schottus
542 1433 613 1486 et
640 1419 990 1500 Fabricius,
1020 1433 1099 1484 ut
1128 1418 1469 1484 Briffonius
1497 1422 1602 1486 De
1634 1423 1796 1510 Reg.
1823 1422 1988 1488 Pers.
2011 1425 2102 1488 ΙΙ.
2127 1439 2272 1511 155.

220 1521 367 1587 alios
394 1523 585 1587 etiam
624 1522 809 1587 testes
842 1521 1191 1610 appellant.
1276 1523 1385 1587 Ne
1414 1545 1560 1588 vero
1590 1524 1734 1610 quis
1763 1538 1950 1610 putet
1977 1524 2122 1591 illos
2153 1549 2274 1613 po-

214 1623 451 1713 pulos'
436 1647 499 1688 m
547 1623 794 1689 Graecis
830 1625 912 1689 ab
945 1622 1313 1689 Alexandro
1351 1623 1616 1690 investis
1645 1625 1943 1692 institutis
1969 1648 2270 1715 perman-

216 1725 375 1804 fiffe3
422 1749 567 1790 nam
596 1726 910 1813 antiquos
954 1748 1165 1792 mores
1201 1739 1270 1791 et
1304 1726 1546 1812 patrios
1578 1727 1688 1793 alii
1725 1729 1955 1815 partim
1983 1730 2266 1797 retinue-

215 1841 381 1906 runt,
426 1828 530 1892 alii
575 1828 1030 1915 repetiverunt,
1082 1827 1257 1915 quod
1296 1840 1363 1892 et
1408 1829 1668 1894 aliunde
1711 1829 2040 1917 colligitur
2079 1845 2148 1897 et
2189 1857 2268 1900 ex
2351 1848 2359 1856 '

217 1929 636 2017 scriptoribus
674 1931 887 1996 citatis
916 1930 1282 1996 Alexandro
1310 1930 1780 2017 posterioribus,
1807 1932 1920 2019 qui
1949 1933 2092 1998 illos
2117 1957 2264 2000 mo-

212 2052 307 2094 res
336 2045 411 2096 ut
434 2033 541 2096 sua
566 2032 779 2098 adhuc
810 2046 1001 2098 aetate
1030 2032 1095 2096 in
1126 2033 1248 2098 illis
1280 2033 1536 2120 populis
1564 2033 1822 2099 ufitatos
1851 2035 2155 2100 referunt.

232 2165 238 2178 ·
290 2135 438 2220 328.
479 2136 567 2198 D.
618 2136 1037 2222 Καρνεάδου-
1056 2137 1291 2221 Διογένη
1342 2137 1437 2198 τὸν
1486 2135 1866 2221 Βαβυλώνιον]
1933 2135 2264 2223 Frigidum

176 2259 183 2266 ·
212 2236 352 2300 sane
394 2251 841 2324 argumentum
878 2259 997 2304 nec
1030 2237 1139 2302 nifi
1176 2235 1658 2302 declamationis
1702 2237 1962 2302 licentia
2003 2240 2262 2304 excusa·-

212 2335 333 2401 bile
356 2363 375 2402 ε
418 2340 585 2426 quafi
632 2361 777 2404 vero
818 2338 1383 2426 ‚Carthaginienses
1424 2351 1494 2403 et
1535 2337 1874 2426 Babylonii
1919 2337 2028 2402 illa
2070 2353 2260 2406 aetate

210 2437 315 2503 feri
344 2456 407 2505 et
431 2443 720 2529 agrestes,
751 2463 827 2506 ac
856 2444 984 2506 ‘non
1012 2440 1411 2506 humanitate
1451 2454 1518 2506 et
1551 2441 1794 2506 artibus
1820 2440 2079 2521 exculti,
2111 2443 2256 2508 fue-

145 2577 153 2585 ·
208 2539 346 2606 rint.
432 2545 505 2608 In
561 2543 861 2632 Diogene
902 2543 1093 2610 etiam
1137 2543 1425 2607 bifariam
1471 2542 1738 2608 falsum.
1784 2543 2064 2629 primum
2107 2557 2254 2608 tem-

203 2655 353 2727 pore,
397 2646 623 2748 quod
605 2669 661 2711 is
695 2669 809 2752 per
852 2657 1111 2710 aetatem
1152 2667 1283 2710 non
1328 2644 1544 2731 potuit
1584 2644 1704 2710 effe
1748 2645 2030 2710 Zenonis
2066 2645 2254 2710 disci-

108 2823 113 2831 ·
207 2746 409 2831 palm,
443 2749 683 2836 quippe
718 2763 909 2814 natus
948 2748 1202 2814 circiter
1238 2747 1466 2836 viginti
1501 2748 1684 2813 annis
1717 2748 1851 2834 post
1885 2747 2080 2836 hujus
2107 2749 2253 2814 obi-

208 2859 361 2928 tum,
389 2862 462 2915 ut
488 2850 846 2914 ostensum
830 2872 893 2914 m
933 2849 1385 2935 Disputatione
1425 2850 1530 2914 De
1578 2848 1856 2914 Panaetio
1885 2871 1952 2934 p.
1979 2852 2254 2934 13-16.

208 2946 423 3016 deinde
462 2951 604 3032 loco,
651 2951 823 3038 quod
864 2951 1183 3038 Babylon
1202 2963 1361 3014 tunc
1406 2949 1534 3014 fuit
1582 2949 2012 3014 florentiffima
2052 2949 2253 3016 literis

208 3049 419 3116 Graeca
450 3055 603 3118 urbs
630 3053 942 3118 Seleucia.
982 3040 985 3048 ⁴
1018 3051 1499 3118 Clitomachum
1529 3051 1736 3137 patria
1764 3049 2252 3136 Carthaginien-

205 3141 341 3232 sem,
384 3154 648 3219 nomine
692 3153 1181 3234 Hasdrubalem,
1218 3151 1485 3218 tradunt
1519 3148 1848 3239 Diogenes
1871 3153 2096 3232 ,Lacr-t.
2128 3152 2249 3218 IV.

206 3255 297 3336 67.
324 3271 391 3321 et
416 3256 599 3321 citati
620 3256 707 3321 ad
738 3279 887 3322 eum
918 3256 1135 3320 locum
1162 3255 1245 3319 ab
1274 3255 1750 3345 interpretibus,

276 3357 418 3439 328.
447 3358 539 3421 D.
568 3357 870 3444 Σωκράτης
896 3358 997 3440 μὲν
1023 3356 1151 3434 ξένα
1178 3356 1537 3443 παρεισάγων
1563 3355 1838 3440 δαιμόνια]
1869 3357 1968 3421 Ex
1993 3354 2120 3442 ipsa
2139 3379 2246 3422 ac-

205 3455 523 3523 cusationis
559 3458 841 3524 formula
876 3459 1187 3536 sumtum,
1224 3480 1369 3545 quae
1404 3458 1492 3521 est
1529 3457 1700 3543 apud
1740 3451 2244 3544 Xenophontem

204 3557 389 3626 Mem.
437 3564 616 3626 Socr.
658 3562 715 3624 Ι.
760 3581 820 3641 1,
866 3581 925 3627 1.
1016 3560 1347 3626 Platonem
1396 3559 1592 3646 Apol.
1646 3561 1826 3625 Socr.
1871 3582 1938 3647 p.
1970 3580 2123 3646 321.
2169 3564 2243 3628 F.

95 3690 101 3696 ·
204 3657 379 3749 Diog‘.
436 3665 651 3728 Laert.
703 3665 793 3728 11.
838 3683 941 3745 14.
1031 3664 1107 3727 In
1155 3662 1351 3751 hujus
1398 3662 1490 3727 rei
1536 3662 1861 3743 mentione
1908 3663 2244 3750 scriptores

204 3767 347 3826 καινὰ
374 3764 625 3848 δαιμόνια
651 3777 718 3829 et
743 3763 873 3842 ξένα
902 3763 1257 3851 promiscue
1290 3764 1634 3850 usurpant:
1665 3786 1806 3850 quae
1837 3767 2090 3851 proprie
2117 3765 2244 3830 dif-

204 3859 418 3944 ferunt,
458 3879 526 3930 et
568 3866 633 3932 in
679 3867 793 3936 sua
825 3867 971 3954 lege
1014 3865 1341 3952 distinguit
1381 3865 1612 3930 Cicero
1650 3868 1813 3952 Leg-
1856 3867 1947 3930 ΙΙ.
1979 3869 2052 3931 8.
2035 3891 2050 3908 ·
2097 3891 2245 3930 neve

202 3969 487 4052 novosfid
511 3989 611 4030 nec
638 3969 907 4032 advenas
932 3967 1049 4053 ns
1020 3967 1311 4056 zpublice
1340 3967 1608 4054 adscitos,
1646 3965 1938 4053 privatim
1971 3966 2240 4030 colunto,-

204 4067 353 4148 quod
381 4070 473 4134 ita
496 4069 963 4157 interpretatur
990 4091 1017 4135 1
1030 4089 1095 4151 2,
1114 4069 1369 4158 fiaetffque
1394 4069 1525 4134 deos
1551 4081 1659 4134 aut
1688 4091 1864 4134 novos
1889 4081 1997 4133 aut
2021 4067 2236 4134 alieni-

199 4187 361 4248 genas
386 4172 519 4236 coli.

273 4287 609 4340 v01..v11.
1194 4294 1219 4336 1
1353 4357 1358 4366 Ι
