2850 4817
544 359 657 436 136
815 359 895 417 D.
934 357 1034 416 W.
1075 356 1470 416 ANIMADV.
1511 355 1604 414 IN
1642 347 2118 416 PLUTARCHI
2157 354 2317 413 LIB.

538 516 691 582 clari
730 516 991 582 fuerint.
1078 512 1421 581 omittitur
1459 513 1683 594 Solon,
1729 513 1812 580 de
1853 535 2011 601 quo,
2053 525 2132 578 ut
2173 513 2256 578 de
2295 523 2444 577 toto
2487 511 2629 576 hoc

536 626 800 705 gen'ere,
843 617 1013 684 reete
1046 615 1301 704 judicat
1344 615 1574 682 Cicero
1617 615 1750 681 offi·
1797 617 1852 681 1.
1899 634 2022 683 222
2071 615 2196 680 Sed
2216 637 2397 701 quum
2413 611 2626 701 pleri-

413 749 418 760 ·
538 745 650 809 que
691 720 1048 784 arbitrentur
1080 740 1169 781 res
1199 715 1442 783 bellicas
1468 717 1714 805 majores
1740 718 1848 806 ff
1873 741 2052 804 quam
2091 716 2379 796 urbanas,
2407 714 2625 778 minu-

540 823 695 886 enda
721 820 799 908 ql
819 822 939 884 haec
970 819 1574 908 opinio.-Quamvis
1612 820 1762 884 enim
1795 817 2190 903 Themistocles
2205 817 2352 906 jure
2393 816 2627 882 laude-
2694 905 2703 914 .

448 991 453 1001 q
543 935 667 1002 tur,
696 924 849 1007 etsit
874 946 995 1010 qus
1024 947 1253 1001 nomen,
1296 947 1476 1010 quam
1519 922 1768 1003 Solonis,
1795 919 2100 1008 iHustriuS,
2133 921 2456 1008 citcturque
2501 917 2626 984 Sa-

484 1055 493 1066 ·
545 1025 719 1088 lamis
744 1023 1076 1111 clariffi'mae
1111 1023 1259 1106 testis
1286 1007 1579 1104 viatoria,
1609 1048 1750 1112 quae
1777 1034 2162 1111 anteponatur
2189 1020 2414 1107 consilio
2448 1019 2628 1084 Solo-

545 1126 643 1191 nis
669 1126 744 1206 ei,
774 1150 882 1213 quo
902 1126 1157 1212 primum
1186 1125 1472 1212 constituit
1495 1125 1890 1214 Areopagitas
1900 1151 1927 1205 ,-
1969 1149 2085 1189 non
2125 1124 2315 1189 minus
2348 1121 2626 1210 praecla-

548 1252 683 1294 rum
722 1230 823 1293 hoc
853 1251 1031 1316 quam
1067 1228 1227 1292 illud
1244 1229 1649 1317 judicandum
1683 1227 1780 1314 ‘3st-
1869 1227 2041 1292 Illud
2075 1228 2225 1291 enim
2246 1224 2444 1312 semd
2481 1239 2628 1312 pro-

525 1330 691 1418 fuit,
721 1332 822 1394 hoc
824 1332 1061 1418 semper
1077 1331 1340 1420 proderit
1377 1331 1632 1396 civitati.
1723 1329 1860 1395 Hoc
1902 1329 2124 1419 consilio
2165 1327 2320 1415 leges
2353 1327 2626 1394 Atheni·

550 1432 786 1517 cuſsum,
837 1434 939 1498 boc
996 1433 1278 1520 majorum
1334 1433 1602 1518 instituta
1635 1433 1993 1520 firvantur.
2081 1430 2175 1495 Et
2228 1429 2630 1515 Themistocles

552 1533 782 1622 quidem
811 1533 963 1598 nihil
997 1534 1213 1598 dixerit
1244 1534 1307 1598 in
1335 1559 1446 1622 quo
1473 1535 1592 1622 ipfi’
1617 1534 1997 1622 Areopagum
2039 1533 2338 1621 adjuverit
2353 1558 2376 1597 .·
2422 1543 2496 1595 at
2521 1530 2630 1595 ille

550 1659 711 1715 vere,
754 1637 835 1700 ab
856 1637 941 1724 se
978 1638 1251 1726 adjutum
1294 1635 1735 1720 Themistoclem.
1823 1637 1936 1723 Est
1974 1636 2124 1700 enim
2151 1635 2359 1703 bellum
2398 1634 2632 1724 gastum

555 1737 780 1826 consilio
808 1739 1066 1804 Senatus
1092 1739 1215 1828 q‘us
1236 1740 1341 1828 qui
1367 1765 1409 1803 a
1439 1739 1640 1804 Solone
1666 1751 1795 1804 erat
1823 1736 2171 1826 constitutus.
2249 1737 2377 1803 Sed
2408 1751 2627 1803 totum

554 1839 685 1905 hoe
726 1853 794 1906 et
836 1841 1199 1927 proximum
1246 1854 1441 1928 caput
1481 1841 1826 1929 legendum
1857 1841 1963 1906 est.
2047 1839 2427 1906 Plutarchus
2454 1862 2627 1927 prae-

555 1952 733 2006 terea
778 1941 985 2006 omisit
1040 1941 1540 2029 Philosophiam,
1590 1941 1832 2007 donum
1891 1942 2184 2022 deorum,
2237 1940 2626 2006 medicinam

556 2042 946 2123 animorum,
997 2042 1181 2132 cujus
1230 2045 1636 2132 Athenarum
1693 2045 1846 2109 urbs
1895 2066 2120 2132 parens
2169 2053 2236 2110 e't
2285 2043 2506 2108 nutrix
2547 2042 2630 2108 ad

557 2164 753 2208 omne
796 2168 1001 2210 aevum
1046 2146 1424 2212 celebratur.
1510 2145 1811 2234 Denique
1845 2146 1910 2212 in
1948 2144 2094 2210 loco
2135 2145 2218 2210 de
2248 2145 2628 2212 Oratoribus

558 2246 959 2333 expromitur
991 2246 1223 2316 callida
1258 2261 1325 2314 et
1353 2270 1554 2335 prope
1587 2248 1869 2336 maligna
1910 2248 2102 2314 irrifio
2146 2248 2208 2312 in
2227 2317 2236 2326 ,
2256 2248 2631 2326 Isocratem,

559 2367 679 2412 nee
728 2348 936 2413 multo
973 2348 1177 2413 lenior
1218 2348 1284 2413 in
1326 2350 1867 2415 Demosthenem:
1927 2364 2102 2416 certe
2143 2348 2518 2437 periniqua3
2559 2351 2626 2414 fi-

562 2448 821 2536 quidem
874 2464 943 2514 et
994 2449 1103 2516 ille
1146 2449 1415 2538 juvenes
1474 2451 1895 2517 saluberrimis
1944 2452 2284 2539 praeceptis
2334 2452 2419 2517 ad
2469 2453 2624 2540 reip.

563 2549 1008 2618 trastationem
1042 2563 1110 2616 et
1137 2574 1330 2617 omne
1356 2552 1606 2622 virtutis
1639 2553 1913 2620 studium
1951 2553 2279 2618 instruxit:
2312 2552 2422 2620 hie
2456 2554 2627 2620 mul-

498 2741 505 2752 *
562 2665 662 2716 tas
705 2651 865 2740 reip.
911 2667 1123 2739 partes
1180 2653 1305 2740 ipse
1351 2655 1560 2742 geffit,
1613 2670 1680 2720 et
1723 2655 1990 2742 optimis
2041 2655 2310 2720 consiliis
2359 2657 2628 2744 patriam

562 2753 855 2819 adversus
888 2754 1280 2820 Macedones
1304 2769 1552 2822 tutatus
1576 2759 1700 2838 est.=
1733 2771 2004 2844 uterque
2030 2757 2196 2822 cives
2223 2758 2308 2823 ad
2334 2757 2627 2824 bellicam

562 2855 837 2943 gloriam
866 2868 933 2922 et
953 2855 1315 2924 libertatem
1346 2858 1540 2924 armis
1567 2859 2010 2924 vindicandam
2056 2858 2364 2925 incitavit.
2457 2862 2629 2947 Ergo

567 2955 947 3025 Plutarchus
977 2958 1086 3024 nifi
1114 2959 1270 3026 fecit
1296 2961 1487 3026 aliam
1526 2983 1782 3049 quoque
1814 2960 2346 3027 declamationem
2374 2961 2444 3026 in
2474 2984 2630 3026 con·

563 3061 825 3127 trariam
877 3076 1151 3150 partem,
1194 3074 1309 3127 aut
1354 3059 1464 3128 nisi
1511 3061 1638 3129 loci
1681 3086 1722 3126 a
1763 3063 1946 3129 nobis
1998 3062 2324 3129 desiderati
2373 3085 2456 3128 ex
2506 3063 2630 3130 hoc

564 3159 786 3228 libello
842 3163 1255 3243 exciderunt3
1316 3175 1488 3228 certe
1545 3163 1864 3250 p‘ropofito
1912 3163 2023 3228 suo
2073 3163 2346 3228 nimium
2401 3163 2628 3230 serviit.

568 3262 744 3327 Nam
786 3263 827 3327 fi
871 3263 1219 3350 quaerimus
1257 3263 1412 3352 quid
1456 3265 1679 3345 ἔνὸδξον,
1707 3264 2043 3354 gloriosum,
2081 3266 2176 3345 fit,
2215 3278 2438 3332 utrum
2481 3267 2632 3332 veri-

569 3375 706 3427 tate
748 3373 816 3426 et
850 3362 1205 3444 honestate,
1258 3387 1341 3429 an
1392 3363 1698 3452 opinione
1747 3365 1946 3454 vulgi,
2009 3365 2482 3447 aestimandum3
2535 3369 2634 3451 (ut

570 3462 888 3551 Epicurus
912 3463 1162 3560 xstatuit,
1194 3488 1299 3554 ap.
1331 3466 1475 3533 Cic.
1509 3467 1650 3532 Fin.
1684 3468 1775 3533 11.
1811 3473 1940 3554 15.)
1985 3480 2159 3533 certe
2197 3468 2376 3555 prius
2410 3489 2635 3534 omnes

572 3567 951 3650 tuebuntur.
1038 3569 1147 3634 An
1184 3570 1385 3658 igitur
1424 3570 1728 3657 sapientia
1762 3571 1950 3637 cedet
1985 3563 2379 3651 'fortitudini,
2410 3571 2520 3636 cui
2561 3593 2636 3636 ne

572 3668 829 3734 existere
866 3669 1124 3756 quidem
1171 3671 1298 3735 fine
1342 3671 1454 3736 illa
1493 3671 1714 3736 datum
1759 3673 1878 3738 est?
1925 3673 2068 3738 Aut
2109 3671 2399 3738 dicamus
2443 3673 2637 3752 ἔνδοξον

572 3769 693 3836 effe
735 3768 908 3858 quod
940 3770 1114 3838 fama
1140 3763 1501 3838 celebretur
1527 3785 1596 3837 et
1624 3771 1964 3840 laudetur?
2018 3776 2123 3841 An
2155 3773 2356 3862 igitur
2381 3788 2636 3862 tempo-

572 3895 714 3937 rum
761 3872 1182 3961 locorumque
1225 3873 1428 3960 spatio
1471 3873 1610 3938 laus
1649 3875 2136 3941 Atheniensium
2177 3875 2411 3942 bellica
2453 3878 2639 3942 latius

573 3973 810 4059 patuit,
857 3997 1052 4062 quam
1101 3965 1241 4042 laus
1290 3974 1642 4040 doetrinae?
1703 3977 1854 4043 Hoc
1883 3997 2098 4044 «nemo
2143 3999 2355 4042 rerum
2401 3979 2641 4066 peritus

364 4099 371 4106 ⁸
466 4103 487 4126 ν
574 4075 828 4141 dixerit.
918 4076 1047 4142 Sed
1090 4076 1284 4143 credo
1320 4076 1387 4141 in
1426 4075 1537 4146 ista
1573 4101 1726 4166 erga
1759 4080 2092 4180 scriptores
2121 4079 2462 4168 iniquitate
2504 4082 2639 4169 spe-

462 4239 472 4246 ,
574 4176 741 4240 ciem
784 4177 1103 4264 aequitatis
1146 4175 1544 4241 consefi‘tatus
1586 4180 1693 4260 est,
1723 4181 1834 4267 qui
1862 4181 1994 4269 ipse
2023 4182 2292 4271 scriptor
2319 4196 2390 4246 et
2417 4181 2640 4247 doetus

575 4291 645 4343 et
687 4277 932 4362 donor,
951 4279 1031 4346 .se
1070 4301 1201 4346 non
1240 4278 1334 4344 sui
1361 4279 1544 4346 studii
1572 4304 1788 4350 amore
1815 4284 2048 4352 auferri
2076 4283 2302 4368 fiverit,
2326 4284 2436 4352 sed
2464 4285 2638 4352 suam
