2850 4817
221 373 325 432 DE
362 373 601 434 ALEX.
641 373 731 432 M.
773 363 1173 431 FORTUNA.
1218 372 1349 430 ΟΒ.
1380 373 1458 430 11.
1499 391 1556 451 p.
1571 390 1719 452 339.
1749 375 2018 449 E—349.
2047 376 2117 435 Ε.
2169 393 2269 452 ¹3¹

298 551 450 620 339.
482 535 560 596 Ε.
606 537 631 594 ὅ
660 530 903 618 σιδάρεος
939 533 1133 604 ἐκεῖνος
1158 530 1562 615 πεπαινόμενος]
1616 531 1756 618 Ipsa
1783 531 1969 596 verba
1998 517 2280 618 produnt

224 633 311 697 vel
354 633 601 697 dictum
644 631 741 695 vel
783 630 1209 696 imitationem
1254 645 1500 718 poetaee
1545 631 1818 696 πεπαίνειν
1855 632 2278 718 explicuimus

224 757 284 820 p.
325 755 471 801 102.
501 735 592 799 A.
635 727 877 798 distur'n
923 755 1075 797 cum
1114 732 1253 796 aliis
1290 747 1622 818 poetarum
1659 733 1846 800 diffie
1889 731 2280 820 comparavit
2305 779 2328 792 .

108 897 117 906 .
226 838 572 902 Wartonus
606 836 686 901 ad
726 835 1053 900 Theocrit.
1092 834 1395 900 Addend.
1440 835 1518 901 T.
1564 825 1657 901 11'.
1703 857 1770 922 p.
1807 855 1958 917 412.
2049 837 2168 900 Pro
2211 834 2275 898 ἔκ

228 964 353 1013 τινος
381 938 566 1002 Harl.
598 937 649 1000 ἔν
676 963 801 1000 τινι.

302 1057 448 1124 339.
478 1039 551 1102 F.
580 1036 977 1120 Ἡφαιστίωνι]
1026 1035 1411 1102 Notavimus
1440 1057 1504 1123 p.
1527 1057 1676 1123 333.
1708 1038 1794 1101 A.

303 1162 363 1225 p.
388 1159 538 1228 340.
564 1141 641 1204 Β.
673 1139 880 1221 Ξέρξην
903 1141 1132 1226 Δαρεῖος
1161 1127 1261 1202 &a
1285 1139 1588 1225 Ἀτόσσης]
1629 1137 1876 1204 Auctor
1903 1136 2276 1204 Herodotus

230 1242 371 1306 VII.
401 1262 467 1328 3.
716 1269 725 1276 ·

305 1364 448 1430 340.
482 1345 559 1408 B.
590 1344 825 1426 διάδημα
848 1349 943 1420 τῆς
968 1343 1291 1430 βασιλείας]
1341 1345 1540 1410 Haud
1565 1344 1952 1433 negligenda
1979 1341 2065 1408 est
2091 1361 2274 1406 men·

234 1447 317 1510 tio
342 1446 625 1512 lectionis
650 1449 727 1525 E,
755 1449 827 1526 F,
853 1448 937 1511 G.
976 1446 1107 1511 Pol.
1132 1445 1385 1512 Schott.
1416 1449 1468 1510 ὃ.
1498 1473 1557 1512 τ.
1575 1446 1804 1521 Ἀσίας.

306 1569 447 1634 340.
476 1548 555 1613 Β.
588 1548 887 1633 ἀστάνδου]
937 1548 1315 1616 Notavimus
1343 1570 1412 1635 p.
1442 1549 1594 1635 326.
1629 1551 1708 1614 Ε.

306 1671 447 1736 340.
480 1649 563 1714 C.
606 1654 701 1726 τὴν
738 1653 1039 1728 βασιλικὴν
1077 1652 1173 1730 καὶ
1217 1652 1488 1737 ὀρθοπαγῆ
1521 1649 1768 1739 κίταρις]
1816 1651 2122 1716 Persicum
2155 1669 2276 1714 no·-

238 1775 369 1816 men
415 1753 648 1839 κίταρις,
698 1752 951 1838 proprie
998 1767 1227 1818 notans
1254 1749 1519 1840 fasciam
1561 1754 1738 1816 tiarae
1783 1753 1992 1839 regiae,
2034 1751 2162 1815 hoc
2209 1767 2278 1814 et

236 1853 360 1916 aliis
386 1853 539 1920 locis
567 1875 683 1939 pro
714 1853 843 1940 ipsa
871 1853 1030 1916 tiara
1064 1855 1421 1940 usurpatur.
1511 1856 1702 1918 Hauc
1730 1854 1843 1920 soli
1873 1855 2010 1940 regi
2037 1853 2278 1918 rectam

238 1957 454 2042 gestare
481 1955 738 2021 licebat.
795 1955 962 2020 Satis
986 1955 1073 2020 est
1094 1954 1174 2020 de
1198 1954 1325 2020 hoc
1346 1970 1731 2041 argumento
1753 1955 2114 2040 scriptorem
2137 1953 2274 2018 lau·

241 2055 388 2120 daffe
414 2057 475 2120 in
506 2056 729 2144 primis
767 2055 1145 2121 Brifl'onium
1164 2056 1281 2120 'De
1310 2059 1539 2143 Regno
1568 2057 1729 2120 Pers.
1765 2057 1820 2120 Ι.
1849 2057 2128 2138 46—52.
2173 2054 2280 2118 cui

234 2156 593 2222 adhibeatur
624 2157 999 2234 Gatakerus
1016 2156 1279 2222 Advers.
1314 2156 1636 2221 Posthum.
1665 2157 1852 2221 XIV.
1880 2177 1944 2241 p.
1969 2157 2119 2238 691.
2152 2155 2277 2242 seq.

244 2259 609 2343 Interpretes
655 2248 929 2323 Pollucis
972 2257 1061 2321 X.
1097 2260 1241 2325 162.
1316 2256 1680 2346 Hesychius
1717 2258 1780 2322 in
1812 2259 1992 2324 Voce
2029 2255 2280 2342 Κίδαςις.

242 2359 359 2422 Dio
384 2359 605 2447 Chrys.
639 2360 754 2425 Or.
784 2359 977 2424 XIII.
1010 2380 1076 2445 p.
1114 2365 1259 2427 226.
1292 2362 1395 2425 A:
1443 2362 1588 2446 ὀρθὴν
1633 2361 1778 2446 ἔχων
1820 2359 2016 2444 τιάραν
2056 2359 2150 2421 καὶ
2193 2358 2281 2422 kl

244 2461 399 2544 θρόνου
431 2469 647 2548 χρυσοῦ
690 2461 943 2542 καθίζων.
1003 2463 1191 2556 XIV.
1228 2483 1296 2548 p.
1329 2481 1478 2550 233.
1521 2463 1602 2527 C.
1639 2481 1784 2548 234.
1827 2461 1934 2526 D:
1982 2467 2009 2524 ὁ
2049 2466 2283 2548 Περσῶν

244 2566 481 2640 βασιλεὺς
510 2564 647 2642 ὅπῳς
674 2565 776 2648 μὲν
803 2563 907 2642 ἔξει
934 2564 1093 2646 μόνος
1119 2565 1265 2650 ὀρθὴν
1290 2569 1388 2643 τὴν
1423 2565 1621 2651 τιάραν
1649 2565 1964 2652 ἐφρόντιζεν.
2041 2562 2281 2628 Scribi-
2405 2643 2415 2654 α

245 2667 421 2731 turin
449 2668 625 2742 libris
655 2666 915 2754 quidem
957 2667 1186 2755 κίδαρις,
1230 2667 1460 2755 κίθαρις,
1505 2682 1573 2733 et
1616 2668 1828 2756 κίταςις
1847 2693 1866 2731 ε
1913 2666 2086 2754 apud
2133 2665 2282 2730 Plu·

111 2813 129 2825 .
243 2768 512 2834 tarchum
540 2768 607 2833 in
634 2767 805 2832 Vitis
847 2767 1111 2832 subinde
1136 2769 1375 2855 legitur
1412 2790 1480 2855 p.
1517 2773 1660 2834 126.
1693 2771 1772 2833 E.
1819 2771 1969 2855 637.
1999 2771 2086 2833 A.
2132 2769 2283 2848 641.

248 2867 317 2932 C.
362 2889 538 2952 1024.
568 2871 646 2932 E.
700 2887 884 2954 1025.
918 2871 995 2934 E.
1047 2889 1235 2954 1052.
1266 2873 1354 2935 A.

312 2991 453 3057 340.
487 2972 566 3036 C.
611 2969 831 3056 Αἴγων]
886 2971 1039 3034 Non
1082 2971 1476 3036 conveniunt
1513 2973 1654 3036 haec
1683 2993 1834 3038 cum
1867 2969 2319 3036 Pausania'11.—

249 3089 334 3154 19.
376 3074 748 3158 abrogatam
782 3072 1021 3158 regiam
1051 3070 1423 3159 potestatem
1453 3073 1767 3138 tradente.
1855 3075 1964 3136 An
2009 3069 2286 3158 AEgonis

246 3171 417 3259 hujus
446 3173 677 3239 notitia
700 3172 851 3237 alibi
880 3173 1096 3253 exstet,
1128 3173 1233 3238 alii
1264 3174 1539 3239 videant.

312 3293 453 3358 340.
494 3276 574 3354 C,
618 3277 701 3339 D.
744 3279 797 3338 ἓν
842 3276 1445 3362 Πάφῳ-Ἀλῦνομος]
1497 3278 1573 3341 In
1617 3275 1880 3342 nomine
1907 3273 2186 3340 hominis
2218 3287 2288 3338 et
2392 3292 2402 3296 ·
2527 3261 2540 3276 ’

246 3371 299 3436 in
337 3375 475 3440 loco
518 3375 760 3439 variant
805 3375 1162 3461 scriptor-ee.
1250 3376 1578 3442 Diodorus
1621 3378 1749 3448 Sic.
1781 3378 2008 3456 XVII,
2037 3378 2150 3459 46‚·
2175 3395 2286 3460 47.

248 3474 368 3559 Tyri
399 3479 624 3542 eversae
662 3500 877 3564 regem
911 3478 1309 3564 Ballorgynum
1342 3480 1425 3544 ab
1466 3479 1838 3544 Alexandro
1875 3479 2290 3547 constitutum

245 3577 435 3642 refert.
480 3581 762 3644 Justinus
795 3581 915 3645 XI.
953 3599 1056 3644 10.
1132 3581 1397 3645 Curtius
1427 3582 1548 3647 IV.
1587 3601 1641 3644 1.
1693 3580 1924 3644 Sidonis
1953 3579 2290 3646 Abdolomi-

242 3699 381 3743 num.
466 3681 899 3745 Conferantur
918 3683 1339 3782 Jn‘terpretes,
1372 3682 1437 3746 in
1468 3682 1694 3768 primis
1723 3682 2180 3770 Weffelingius
2208 3681 2292 3746 ad

245 3775 490 3845 Diodori
522 3781 566 3845 l.
600 3804 660 3846 c.

315 3899 454 3964 340.
484 3885 563 3946 Ε.
610 3885 805 3964 βάθεσι
844 3883 1047 3969 χιόνων
1088 3885 1574 3970 κατακεχωσμένα
1605 3884 1742 3972 ἔθνη]
1791 3885 2116 3950 Diodorus
2157 3884 2289 3970 Sip.

246 3977 443 4046 XVII.
476 3986 581 4052 82.
659 3986 921 4050 Curtius
950 3989 1036 4051 V.
1068 4006 1133 4071 3.
1207 3987 1507 4052 Narratio
1544 3999 1680 4052 tota
1708 3985 1980 4052 oratorie
2009 4005 2284 4070 exagge-

246 4097 384 4159 rata,
418 4102 530 4152 aut
566 4088 755 4175 ipfius
794 4088 1056 4176 ingenio
1096 4089 1365 4154 oratoris
1393 4105 1509 4154 aut-
1535 4112 1610 4154 ex
1641 4087 2072 4174 Scriptoribus
2101 4087 2293 4151 fabu-

246 4179 391 4249 lofis.

317 4303 455 4367 340.
498 4289 575 4353 E.
630 4289 917 4354 θάλατταν
964 4287 1289 4378 μαχομένην
1333 4289 1590 4374 ἔπλευσα]
1655 4288 1968 4355 Arrianus,
2017 4287 2138 4353 VI.
2191 4307 2293 4372 19.

1192 4411 1241 4454 K
1280 4411 1315 4458 2
2278 4409 2286 4413 ’
