2850 4817
289 448 2360 503 Μ

308 715 1029 878 ΒΑΝῙΕΜΒ
1124 767 2312 894 WYTTENBACHII

677 1051 1934 1182 ‘ANIMADVERSIONES

520 1289 666 1386 IN
734 1289 1488 1388 PLUTARCHI
1560 1291 2090 1410 LIBRUM,

594 1536 623 1570 a
645 1525 772 1589 DE
806 1492 1049 1590 smiA
1080 1523 1494 1607 NUMINIS¹
1523 1528 2006 1595 VINDICTA.

1018 1777 1588 1828 ..-........-..
1644 1821 1663 1834 ,

251 1956 348 2064 P
351 2049 368 2066 .
399 2001 555 2088 548.
588 2001 675 2064 Α.
719 2005 971 2065 Τοιαῦτα
998 2002 1101 2085 μὲν
1128 2007 1157 2065 ὀ
1182 2002 1507 2087 Ἐπίκουρος
1536 2001 1720 2088 einh]
1757 1987 1928 2070 Cum
1955 2025 2036 2068 ex
2063 2005 2342 2093 abrupto

251 2102 571 2192 colloquii
622 2103 817 2192 hujus
868 2104 1296 2170 narrationem
1352 2104 1645 2181 ordiatur
1695 2105 2098 2186 Plutarchus„
2143 2123 2339 2175 erunt

251 2205 513 2270 fortaffe
543 2207 654 2293 qui
682 2207 941 2270 initium
968 2206 1237 2295 Dialogi
1264 2207 1649 2273 intercidiffe
1677 2211 1949 2295 putent3
1994 2210 2120 2276 fuit
2161 2223 2338 2277 certe

250 2307 365 2396 qui
394 2308 491 2373 ita
507 2307 836 2396 judicaret
864 2311 948 2380 ·J,
984 2309 1070 2374 A.
1112 2309 1440 2374 Fabricius
1483 2311 1564 2374 Β.
1601 2313 1686 2376 G.
1725 2311 1876 2379 Vol.
1913 2313 2040 2378 ΙΙΙ.
2086 2299 2155 2400 Ρ.
2180 2331 2334 2400 357.

252 2407 465 2497 Cujus
514 2409 817 2496 equidem
872 2410 1205 2476 sententiae
1262 2409 1439 2476 haud
1491 2412 1818 2492 accedam,
1865 2413 1975 2479 etfi
2027 2413 2216 2479 sciam
2267 2415 2336 2480 in

249 2526 602 2601 utramque
642 2526 895 2600 partem
934 2513 1171 2598 dehac
1202 2537 1272 2580 re
1299 2514 1473 2602 pofl‘e
1503 2515 1834 2603 disputari.
1921 2518 2099 2582 Nam
2128 2517 2338 2604 primo

249 2605 543 2703 quidem,
574 2637 655 2680 ne
692 2615 905 2681 dicam
944 2614 1295 2704 abruptum
1334 2617 1596 2684 initium
1625 2619 1767 2684 suas
1793 2619 2033 2685 habere
2054 2641 2337 2702 venerere,

249 2719 418 2785 nihil
445 2719 529 2784 ad
552 2719 1217 2806 ipsius-disputationis
1244 2720 1689 2808 integritatem
1715 2722 2026 2810 requiraS,
2046 2745 2197 2788 cum
2224 2721 2340 2810 qui

248 2820 699 2908 colloquentes
739 2820 1163 2902 inducuntur,
1204 2823 1679 2908 Epicureorum
1723 2823 2120 2912 objectiones
2168 2825 2336 2890 reci-

240 2936 414 3016 tent.
505 2923 813 2990 Similiter
854 2925 989 2989 fere
1040 2924 1220 2990 Plato
1263 2925 1519 2991 orditur
1561 2926 1905 3014 Gorgiam,
1951 2926 2337 2992 Plutarchus

246 3024 451 3090 libros
482 3025 564 3090 de
596 3027 819 3092 Gloria
846 3027 1339 3094 Atheniensium
1378 3041 1448 3094 et
1485 3028 1567 3094 de
1605 3029 1875 3109 Invidia,
1905 3040 1974 3092 et
2006 3028 2333 3094 Lucianus

244 3127 584 3215 dialogum
626 3130 709 3195 de
753 3129 1132 3210 Saltatione,
1172 3153 1339 3218 quos
1378 3153 1572 3196 nemo
1615 3153 1902 3218 unquam
1935 3129 1970 3176 b
1985 3129 2184 3195 initio
2213 3131 2336 3196 effe

242 3244 581 3298 truncatos
622 3220 894 3319 putavit.
980 3235 1091 3314 Et,
1120 3233 1163 3298 fi
1192 3233 1350 3322 quid
1387 3233 1517 3299 hoc
1543 3234 1625 3300 ad
1653 3257 1790 3300 rem
1819 3232 2121 3322 pertinet,
2160 3255 2332 3299 nun-

240 3334 511 3422 cupatio
552 3331 599 3398 ὦ
641 3315 847 3451 Κῦνίε,
893 3335 1045 3400 satis
1082 3335 1255 3400 clare
1302 3359 1573 3423 arguere
1613 3335 1889 3415 videtur,
1929 3335 2082 3400 hinc
2119 3335 2336 3434 dispu7

240 3437 511 3502 tationis
560 3438 821 3504 initium
876 3437 1036 3504 fieri.
1106 3439 1371 3506 ‘Verum
1422 3437 1596 3502 idem
1639 3461 1791 3525 ego,
1843 3450 1921 3503 ut
1971 3461 2012 3502 a
2059 3439 2334 3505 Fabricii
2379 3493 2386 3498 .

236 3540 551 3628 opinione
588 3541 835 3608 alienus
860 3543 1040 3623 sum,
1070 3541 1151 3608 fic
1182 3541 1249 3606 in
1278 3563 1424 3606 eam
1460 3554 1713 3627 partem
1753 3541 2018 3623 inclino,
2047 3554 2124 3607 ut
2151 3543 2336 3608 hunc

140 3697 147 3702 .
239 3642 613 3731 cdialogum
671 3644 938 3711 alterius
1004 3643 1452 3733 disputationis
1515 3643 1893 3730 deperditae,
1960 3667 2111 3730 qua,
2177 3648 2331 3710 teste

299 3863 325 3890 ⁸
344 3853 683 3903 Quaestionem
700 3855 857 3918 attigit
870 3811 1128 3904 Sallustius
1146 3853 1233 3903 Gr.
1334 3855 1432 3916 seq.
1493 3854 1626 3916 prius
1680 3820 2054 3916 disputationem
2101 3852 2329 3910 advertus.

234 3937 317 3986 Do
334 3937 445 3985 Diis
468 3937 586 4000 Cap.
609 3947 689 3988 19.
848 3941 861 3954 ⁸
1332 3935 1690 3984 Providentiam
1712 3935 1800 3982 sub
1821 3934 2016 3984 alterius
2033 3933 2231 3996 persona
2242 3949 2330 3984 ex·
2371 3951 2390 3993 2.

297 4016 324 4050 ¹·
362 4018 441 4066 An
475 4017 591 4067 finis
621 4017 775 4066 libelli
804 4017 1013 4080 perierit,
1034 4018 1135 4068 vid.
1156 4018 1235 4064 in·
1332 4019 1516 4080 promit
1535 4019 1599 4075 A,
1625 4017 1683 4064 B.
1715 4026 1828 4064 tum
1849 4015 2074 4077 deinceps
2096 4029 2207 4062 earn
2229 4015 2328 4078 ipse

231 4099 300 4147 fra
325 4114 378 4162 p.
397 4106 511 4148 563.
536 4099 593 4150 B.
1332 4099 1564 4148 vindicat.
1616 4097 1798 4146 Haberi
1821 4111 1934 4146 eam
1953 4097 2326 4158 disputationem
2443 4126 2452 4134 ·

298 4187 319 4210 ‘-
345 4180 491 4228 Philo
519 4181 547 4228 J
552 4182 635 4228 ud.
665 4182 718 4228 in
751 4179 877 4230 libro
910 4177 1010 4244 mg)
1038 4176 1233 4244 cencius
1330 4182 1554 4230 adversus
1585 4178 1782 4228 alterius
1814 4177 2202 4241 reprehensiones
2239 4193 2327 4243 pa-

228 4262 479 4324 deperdito
522 4262 669 4322 eujus
714 4264 871 4312 exstat
915 4260 1234 4310 luculentum
1330 4269 1401 4310 tet
1420 4262 1570 4309 etiam
1591 4273 1656 4308 ex
1677 4260 1793 4309 fine.
1816 4267 1928 4310 399.
1952 4258 2019 4306 D.

232 4343 409 4404 fragm.
442 4357 524 4404 ap.
558 4343 733 4392 Euseb.
770 4343 823 4393 P.
857 4344 917 4392 Ε.
950 4343 1095 4392 vm.
1123 4349 1231 4416 886·

316 4435 497 4488 voL.
532 4441 676 4488 v11.
1032 4501 1090 4512 .„
1419 4437 1470 4481 X
