2850 4817
524 323 601 399 9⁸
712 301 717 306 “
824 315 1613 382 n.w.·AN1MAnv.1N
1653 319 2124 382 ammom
2163 320 2326 380 mn.

526 483 719 548 LUS.
751 481 947 548 LEG.
978 481 1200 546 AUG.
1236 481 1365 544 PR.
1402 482 1528 546 PR.
1562 480 1966 546 PANNON.
2000 480 2176 544 INF.
2196 481 2286 546 V.
2315 479 2384 544 S.
2449 478 2656 544 cae--

526 599 739 652 terum
768 583 921 650 hinc
948 596 1213 669 apparet
1240 605 1386 670 quae
1414 582 1490 648 fit
1516 581 1725 648 caussa
1755 583 1822 648 in
1865 583 2164 650 varietate
2193 582 2488 650 lestionis
2518 581 2616 647 li-

527 686 791 768 brorum
836 686 1187 750 nostrorum
1226 685 1304 761 E.
1344 683 1530 750 Harl.
1574 686 1840 750 Jannot.
1882 687 2096 750 Petav.
2133 685 2248 771 qui
2274 707 2393 771 pro
2421 686 2616 774 Mag-

528 803 729 862 κελλος
755 785 1059 852 exhibent
1082 785 1322 874 Μάριος.
1410 787 1586 851 Nam
1617 785 1796 874 quod
1825 807 1976 850 mox
2003 808 2070 873 p.
2099 803 2250 871 322.
2282 785 2363 851 C.
2395 784 2462 850 in
2493 808 2618 852 ea-

478 907 482 918 ·
531 887 680 954 dem
718 909 813 967 re,
842 886 1139 952 Marcelli
1182 906 1418 952 nomen
1456 886 1760 972 ponitur3
1805 885 1893 950 est
1917 884 2027 950 ille
2055 885 2236 952 locus
2266 905 2616 971 perperam

506 989 683 1055 ‘hinc
707 1011 747 1054 a
774 988 1038 1054 librario
1066 987 1400 1076 repetitu&

612 1111 651 1177 3
665 1093 765 1156 18.
796 1092 884 1157 D.
917 1089 1466 1178 Μέντις-Σκαῦςος
1492 1090 1788 1176 Αἲμόλιος]
1829 1089 2059 1158 Cicero
2088 1091 2245 1155 Nat.
2277 1089 2480 1156 Deor.
2515 1091 2616 1160 Π,

534 1212 639 1280 23.
728 1195 995 1260 Nomen
1021 1192 1282 1275 Αἰμίλιος
1311 1191 1604 1261 scribitur
1635 1192 1762 1258 hoe
1791 1205 1858 1257 et
1879 1191 2018 1258 aliis
2042 1191 2201 1264 locis
2229 1191 2294 1257 in
2320 1191 2510 1268 Harl.
2539 1206 2613 1256 et

534 1296 746 1361 Petav.

614 1398 764 1483 318.
804 1399 885 1461 E.
932 1401 1027 1475 τὴν
1069 1397 1264 1483 Τῦχην
1310 1402 1378 1483 τῇ
1427 1395 1696 1482 Ἀνδρεία.
1723 1394 2144 1482 παρωνόμασεν]
2191 1401 2257 1480 τῇ
2297 1395 2464 1482 Τύχῃ
2508 1399 2608 1472 τὴν

525 1499 804 1586 Ἀνδρείαν
832 1528 898 1565 π.
930 1499 1103 1586 quod
1131 1501 1373 1586 praebet
1401 1500 1479 1577 Β,
1501 1498 1616 1563 dat
1643 1519 1900 1585 quoque
1929 1497 2115 1562 Harl.
2207 1501 2326 1563 Pro
2352 1499 2603 1585 παρωνό-

530 1628 710 1686 μασεν
744 1601 1085 1667 maluimus
1128 1601 1534 1690 παρωνόμασαν
1576 1615 1651 1666 ut
1695 1603 1872 1665 Mez.
1914 1621 2120 1686 neque
2165 1601 2338 1665 enim
2374 1601 2604 1666 Ancus

529 1727 641 1771 rex
671 1703 1189 1788 nomensortunae
1215 1703 1462 1791 primus
1489 1702 1810 1768 instituiffe
1837 1700 2159 1788 putandus
2187 1703 2297 1782 est,
2325 1702 2426 1768 sed
2453 1703 2603 1768 uni-

532 1806 703 1871 verse
730 1803 967 1872 Latini.
1034 1805 1139 1870 Est
1164 1803 1650 1891 autemfortuna
1675 1805 1995 1890 παρώνυμον
1999 1802 2400 1890 fhrtitudinis.
2470 1805 2603 1870 At-

533 1922 751 1973 tamen
780 1907 946 1972 infra
973 1927 1039 1994 p.
1072 1926 1225 1992 322.
1256 1909 1347 1973 D.
1376 1906 1490 1972 ubi
1521 1906 1631 1973 hic
1673 1907 1858 1973 locus
1893 1905 2226 1992 repetitur,
2263 1904 2500 1994 dicitur
2537 1909 2604 1971 τὸ

530 2015 625 2087 τῆς
658 2009 936 2095 Ἀνδρείας
969 2009 1165 2094 Τύχης
1209 2012 1341 2098 {agan
1384 2011 1484 2072 ὑπὸ
1527 2008 1789 2094 Μαρκίου
1817 2007 2324 2097 1”Α’γ»κ)υ--ἶὸςυθι“τν
2352 2010 2446 2073 καὶ
2477 2012 2600 2073 ὄνο-

530 2111 767 2195 mdiv·
808 2133 928 2176 nec
958 2125 1174 2176 tamen
1205 2109 1353 2175 inde
1379 2110 1654 2176 efficitur
1679 2122 1757 2175 ut
1791 2109 1893 2174 vel
1917 2111 2228 2176 alterutro
2255 2111 2402 2177 loco
2435 2133 2602 2190 vera,

531 2212 630 2277 vel
656 2227 933 2300 utroque
960 2211 1153 2278 leffio
1183 2212 1400 2277 vitiata
1431 2211 1528 2277 fit.
1588 2209 1761 2277 Illud
1788 2222 2074 2298 apparet,
2099 2211 2435 2297 posteriore
2455 2210 2605 2276 loco

530 2335 866 2402 perperam
906 2313 1185 2399 Ἀνὸρείαν
1219 2313 1416 2399 Τύχην
1459 2313 1694 2378 ἱειὲὶαω
1735 2312 1858 2377 effe
1891 2335 1970 2378 ex
1996 2334 2074 2378 ea
2099 2335 2242 2400 quae
2276 2313 2418 2378 Fors
2446 2313 2600 2378 For-

442 2481 447 2493 ,
532 2429 680 2480 tuna
718 2414 953 2478 dicitur
964 2437 983 2491 3
1028 2412 1331 2500 fiquidem
1375 2436 1504 2480 non
1545 2415 1788 2480 constat
1826 2418 2108 2481 Fortuna
2139 2416 2352 2495 Fortis,
2389 2415 2606 2482 Virilis

530 2519 818 2582 Fortuna
860 2516 1087 2581 eadem
1136 2517 1223 2581 est
1271 2539 1417 2605 quoe
1460 2515 1674 2606 *Αρῥην
1713 2518 2027 2604 Mascula,
2074 2530 2143 2583 et
2185 2518 2269 2583 ad
2309 2517 2602 2584 Servium

527 2617 817 2684 Tullium
864 2617 1181 2703 pertinet:
1229 2617 1312 2682 de
1345 2641 1476 2705 quo
1502 2640 1571 2706 p.
1600 2637 1752 2705 323.
1779 2620 1869 2685 A.
1959 2619 2600 2708 Consulenduequo-

530 2740 656 2804 que
687 2719 763 2782 B.
796 2717 1139 2786 Briffonius
1168 2721 1271 2786 De
1301 2720 1590 2786 Formul.
1622 2722 1678 2785 I.
1711 2723 1815 2804 87.
1848 2801 1856 2806 ,

613 2822 765 2906 318.
796 2823 871 2886 F.
914 2822 1017 2909 πρὸ
1060 2822 1421 2907 Καμίλλου]
1447 2821 1730 2892 Videtur
1753 2821 2136 2889 delendum.
2120 2847 2136 2864 ·
2185 2837 2253 2888 et
2279 2822 2605 2893 omittitur

530 2945 600 3008 p.
628 2943 781 3009 322.
812 2925 899 2990 D.

614 3027 765 3112 318.
766 3029 1089 3128 F—319.
1128 3030 1217 3092 A.
1263 3028 1588 3104 Γυναικείας
1627 3028 1935 3116 Τῦχης-]
1989 3031 2066 3095 In
2091 3029 2248 3096 Vita
2277 3029 2608 3098 Coriolani

529 3150 594 3215 p·
628 3147 775 3214 232.
806 3129 895 3194 Α.
951 3129 1295 3216 Dionyfius
1322 3129 1478 3195 Hal.
1513 3131 1702 3196 VIII.
1731 3131 1842 3216 58.
1903 3131 2199 3198 Valerius
2229 3133 2412 3198 Max.
2448 3134 2502 3197 I.
2534 3133 2606 3213 8

524 3250 592 3311 4.
626 3232 818 3297 verbo
848 3232 1067 3297 Livius
1098 3232 1188 3296 ΙΙ.
1218 3251 1328 3315 40.
1400 3233 1776 3300 Laaantius
1802 3233 1895 3298 D.
1927 3234 1982 3299 I.
2016 3234 2107 3297 ΙΙ.
2139 3250 2202 3317 7,
2237 3251 2300 3301 2.

613 3351 679 3416 p.
722 3351 877 3418 319.
921 3333 1009 3397 A.
1054 3331 1282 3425 Φούριος
1325 3333 1658 3422 Κάμιλλος]
1713 3333 2150 3400 Plutarchus
2131 3358 2200 3400 m
2245 3335 2403 3422 Ejus
2447 3334 2608 3402 Vita

524 3453 591 3528 p.
630 3451 775 3518 144.
810 3432 899 3496 D.
974 3433 1205 3498 Cicero
1241 3434 1532 3500 Divinat.
1566 3436 1657 3499 ΙΙ.
1691 3455 1802 3521 32.
1876 3437 2080 3501 Varro
2111 3435 2281 3522 apud
2314 3433 2603 3502 Gellium

526 3533 713 3600 XVI.
760 3550 863 3619 17.
936 3536 1153 3602 Livius
1197 3540 1282 3604 V.
1326 3559 1438 3624 32,
1478 3545 1586 3624 50'.
1673 3538 1858 3603 Dicit
1909 3538 2104 3621 Φήμης
2153 3539 2248 3601 καὶ
2303 3539 2604 3618 Κληδόνος,
2687 3525 2694 3530 ’

524 3636 719 3700 Aium
760 3637 1107 3704 [acutium.-
1152 3641 1257 3705 De
1300 3639 1423 3705 illis
1468 3639 1828 3718 notavimus
1867 3639 1934 3703 in
1975 3639 2142 3707 Bibl.
2174 3639 2339 3704 Crit.
2374 3641 2504 3707 111.
2541 3661 2602 3706 1.

608 3859 761 3926 319.
778 3843 871 3921 A,
903 3841 982 3908 Β.
1011 3843 1321 3931 <Meu-mm]
1354 3843 1530 3928 Φόρτι
1513 3871 1560 3908 ιν
1587 3844 1745 3909 dant
1774 3843 1914 3908 Bas.
1946 3841 2345 3934 Χγ1.Φόρι-ην
2373 3866 2604 3932 margo

521 3943 695 4009 vois.
728 3943 965 4028 Φόρτημ.
990 3947 1175 4010 Mez.
1250 3945 1571 4011 Caesarem
1601 3944 1848 4032 Populo
1881 3945 1962 4009 R.
2001 3945 2222 4011 hortos
2251 3946 2396 4011 suos
2423 3959 2602 4012 trane

519 4039 819 4124 Tiberim‘
850 4043 997 4109 litos
1041 4045 1418 4110 testamento
1464 4043 1716 4132 legaffe,
1747 4044 2042 4110 novimus
2079 4067 2156 4110 ex
2186 4045 2500 4112 Suetonio
2531 4047 2601 4112 in

524 4143 793 4228 Caesare,
825 4147 930 4234 83.
1002 4146 1221 4212 Dione
1251 4146 1458 4214 Caffio
1485 4149 1730 4214 XLIV.
1759 4163 1868 4234 35.
1955 4148 2062 4214 De
2103 4148 2230 4214 hoc
2276 4147 2602 4216 Plutarchi

518 4245 666 4312 loco
693 4247 1040 4336 diligenter
1062 4272 1139 4316 ac
1164 4247 1356 4317 deae
1377 4247 1664 4314 differuit
1685 4249 1762 4312 B.
1790 4247 2134 4316 Brifl‘onius
2153 4251 2262 4340 De
2281 4249 2600 4318 Formulin
