<?xml version="1.0" encoding="UTF-8"?>
<!DOCTYPE html PUBLIC "-//W3C//DTD XHTML 1.0 Transitional//EN"
    "http://www.w3.org/TR/xhtml1/DTD/xhtml1-transitional.dtd">
<html xmlns="http://www.w3.org/1999/xhtml" xml:lang="en" lang="en">
 <head>
  <title>
</title>
<meta http-equiv="Content-Type" content="text/html;charset=utf-8" />
  <meta name='ocr-system' content='tesseract 3.04.00' />
  <meta name='ocr-capabilities' content='ocr_page ocr_carea ocr_par ocr_line ocrx_word'/>
</head>
<body>
  <div class='ocr_page' id='page_1' title='image "./ploutarchoutouc10unkngoog_0092.png"; bbox 0 0 2850 4817; ppageno 0'>
   <div class='ocr_carea' id='block_1_1' title="bbox 581 334 2367 427">
    <p class='ocr_par' dir='ltr' id='par_1_1' title="bbox 581 334 2367 427">
     <span class='ocr_line' id='line_1_1' title="bbox 581 334 2367 427; baseline -0.001 0"><span class='ocrx_word' id='word_1_1' title='bbox 581 368 660 427; x_wconf 78' lang='lat' dir='ltr'><strong>so</strong></span> <span class='ocrx_word' id='word_1_2' title='bbox 863 364 944 425; x_wconf 82' lang='lat' dir='ltr'><strong>n.</strong></span> <span class='ocrx_word' id='word_1_3' title='bbox 985 364 1082 423; x_wconf 86' lang='lat' dir='ltr'><strong>w.</strong></span> <span class='ocrx_word' id='word_1_4' title='bbox 1123 334 1523 424; x_wconf 60' lang='lat' dir='ltr'><strong>Anmmv.</strong></span> <span class='ocrx_word' id='word_1_5' title='bbox 1566 352 1657 423; x_wconf 84' lang='lat' dir='ltr'><strong>IN</strong></span> <span class='ocrx_word' id='word_1_6' title='bbox 1680 364 2167 425; x_wconf 49' lang='lat' dir='ltr'><strong>&amp;munem</strong></span> <span class='ocrx_word' id='word_1_7' title='bbox 2204 366 2367 425; x_wconf 73' lang='lat' dir='ltr'><strong>Lm.</strong></span> 
     </span>
    </p>
   </div>
   <div class='ocr_carea' id='block_1_2' title="bbox 535 491 2665 815">
    <p class='ocr_par' dir='ltr' id='par_1_2' title="bbox 535 491 2665 815">
     <span class='ocr_line' id='line_1_2' title="bbox 535 491 2665 613; baseline 0 -21"><span class='ocrx_word' id='word_1_8' title='bbox 535 514 542 519; x_wconf 57' lang='grc'><strong>’</strong></span> <span class='ocrx_word' id='word_1_9' title='bbox 659 528 942 592; x_wconf 81' lang='lat' dir='ltr'><strong>Prooem.</strong></span> <span class='ocrx_word' id='word_1_10' title='bbox 983 544 1050 611; x_wconf 89' lang='lat' dir='ltr'><strong>p.</strong></span> <span class='ocrx_word' id='word_1_11' title='bbox 1093 526 1246 609; x_wconf 78' lang='lat'><strong>305.</strong></span> <span class='ocrx_word' id='word_1_12' title='bbox 1289 524 1370 588; x_wconf 91' lang='lat' dir='ltr'><strong>B.</strong></span> <span class='ocrx_word' id='word_1_13' title='bbox 1414 522 2093 613; x_wconf 53' lang='grc' dir='ltr'><strong>εὖςῶμ-συμβιβηκότα]</strong></span> <span class='ocrx_word' id='word_1_14' title='bbox 2142 491 2379 613; x_wconf 19' lang='lat' dir='ltr'><strong>Inepte*</strong></span> <span class='ocrx_word' id='word_1_15' title='bbox 2402 492 2487 591; x_wconf 84' lang='lat' dir='ltr'><strong>ad</strong></span> <span class='ocrx_word' id='word_1_16' title='bbox 2512 528 2665 593; x_wconf 89' lang='lat' dir='ltr'><strong>sen-</strong></span> 
     </span>
     <span class='ocr_line' id='line_1_3' title="bbox 577 624 2665 711; baseline 0 -18"><span class='ocrx_word' id='word_1_17' title='bbox 577 627 874 709; x_wconf 78' lang='lat' dir='ltr'><strong>tentiam,</strong></span> <span class='ocrx_word' id='word_1_18' title='bbox 919 639 990 693; x_wconf 90' lang='lat' dir='ltr'><strong>et</strong></span> <span class='ocrx_word' id='word_1_19' title='bbox 1032 625 1116 691; x_wconf 83' lang='lat' dir='ltr'><strong>ad</strong></span> <span class='ocrx_word' id='word_1_20' title='bbox 1157 624 1710 711; x_wconf 84' lang='lat' dir='ltr'><strong>compofitionem,</strong></span> <span class='ocrx_word' id='word_1_21' title='bbox 1752 626 1949 691; x_wconf 88' lang='lat' dir='ltr'><strong>etiam</strong></span> <span class='ocrx_word' id='word_1_22' title='bbox 1992 624 2033 691; x_wconf 84' lang='lat' dir='ltr'>fi</span> <span class='ocrx_word' id='word_1_23' title='bbox 2078 626 2341 692; x_wconf 85' lang='lat' dir='ltr'><strong>omittas</strong></span> <span class='ocrx_word' id='word_1_24' title='bbox 2384 632 2461 693; x_wconf 77' lang='grc' dir='ltr'><strong>ταὶ</strong></span> <span class='ocrx_word' id='word_1_25' title='bbox 2502 651 2665 695; x_wconf 86' lang='lat' dir='ltr'><strong>cum</strong></span> 
     </span>
     <span class='ocr_line' id='line_1_4' title="bbox 567 726 2661 815; baseline 0 -20"><span class='ocrx_word' id='word_1_26' title='bbox 567 728 953 797; x_wconf 69' lang='lat' dir='ltr'><strong>‘Harleianm</strong></span> <span class='ocrx_word' id='word_1_27' title='bbox 1013 726 1190 793; x_wconf 86' lang='lat' dir='ltr'><strong>Nam</strong></span> <span class='ocrx_word' id='word_1_28' title='bbox 1215 728 1611 815; x_wconf 86' lang='lat' dir='ltr'><strong>propofitum</strong></span> <span class='ocrx_word' id='word_1_29' title='bbox 1638 727 1889 795; x_wconf 88' lang='lat' dir='ltr'><strong>homini</strong></span> <span class='ocrx_word' id='word_1_30' title='bbox 1930 740 2069 795; x_wconf 87' lang='lat' dir='ltr'><strong>erat</strong></span> <span class='ocrx_word' id='word_1_31' title='bbox 2106 729 2430 797; x_wconf 85' lang='lat' dir='ltr'><strong>veteribus</strong></span> <span class='ocrx_word' id='word_1_32' title='bbox 2462 730 2661 797; x_wconf 87' lang='lat' dir='ltr'><strong>fidem</strong></span> 
     </span>
    </p>
   </div>
   <div class='ocr_carea' id='block_1_3' title="bbox 572 822 2663 1021">
    <p class='ocr_par' dir='ltr' id='par_1_3' title="bbox 572 822 2663 1021">
     <span class='ocr_line' id='line_1_5' title="bbox 572 822 2663 920; baseline -0.002 -19"><span class='ocrx_word' id='word_1_33' title='bbox 572 830 916 901; x_wconf 87' lang='lat' dir='ltr'><strong>conciliare</strong></span> <span class='ocrx_word' id='word_1_34' title='bbox 959 822 1440 916; x_wconf 84' lang='lat' dir='ltr'><strong>co&#39;mparatione</strong></span> <span class='ocrx_word' id='word_1_35' title='bbox 1490 853 1802 896; x_wconf 86' lang='lat' dir='ltr'><strong>novorum</strong></span> <span class='ocrx_word' id='word_1_36' title='bbox 1852 852 1997 917; x_wconf 79' lang='lat' dir='ltr'><strong>quae</strong></span> <span class='ocrx_word' id='word_1_37' title='bbox 2044 836 2099 895; x_wconf 69' lang='grc' dir='ltr'><strong>ἄν</strong></span> <span class='ocrx_word' id='word_1_38' title='bbox 2148 836 2261 906; x_wconf 74' lang='grc' dir='ltr'><strong><em>τοῖς</em></strong></span> <span class='ocrx_word' id='word_1_39' title='bbox 2307 840 2395 897; x_wconf 78' lang='grc' dir='ltr'><strong>νῦν</strong></span> <span class='ocrx_word' id='word_1_40' title='bbox 2434 833 2663 920; x_wconf 69' lang='grc' dir='ltr'><strong><em>χρόνοις</em></strong></span> 
     </span>
     <span class='ocr_line' id='line_1_6' title="bbox 573 932 2663 1021; baseline 0.001 -23"><span class='ocrx_word' id='word_1_41' title='bbox 573 935 746 1021; x_wconf 60' lang='lat' dir='ltr'><strong>fa&amp;</strong></span> <span class='ocrx_word' id='word_1_42' title='bbox 786 933 956 998; x_wconf 87' lang='lat' dir='ltr'><strong>sunt.</strong></span> <span class='ocrx_word' id='word_1_43' title='bbox 1043 932 1250 1019; x_wconf 82' lang='lat' dir='ltr'>Atqui</span> <span class='ocrx_word' id='word_1_44' title='bbox 1287 944 1503 997; x_wconf 86' lang='lat' dir='ltr'><strong>vetera</strong></span> <span class='ocrx_word' id='word_1_45' title='bbox 1530 934 1678 997; x_wconf 89' lang='lat' dir='ltr'><strong>sunt</strong></span> <span class='ocrx_word' id='word_1_46' title='bbox 1707 932 1971 997; x_wconf 76' lang='lat' dir='ltr'><strong>Graeca:</strong></span> <span class='ocrx_word' id='word_1_47' title='bbox 2016 955 2179 998; x_wconf 87' lang='lat' dir='ltr'><strong>nova</strong></span> <span class='ocrx_word' id='word_1_48' title='bbox 2206 932 2353 999; x_wconf 90' lang='lat' dir='ltr'><strong>sunt</strong></span> <span class='ocrx_word' id='word_1_49' title='bbox 2380 934 2663 1001; x_wconf 81' lang='lat' dir='ltr'><strong>Romana</strong></span> 
     </span>
    </p>
   </div>
   <div class='ocr_carea' id='block_1_4' title="bbox 571 1033 2658 1225">
    <p class='ocr_par' dir='ltr' id='par_1_4' title="bbox 571 1033 2658 1225">
     <span class='ocr_line' id='line_1_7' title="bbox 571 1033 2658 1126; baseline 0 -25"><span class='ocrx_word' id='word_1_50' title='bbox 571 1058 849 1126; x_wconf 88' lang='lat' dir='ltr'><strong>quorum</strong></span> <span class='ocrx_word' id='word_1_51' title='bbox 886 1035 954 1099; x_wconf 92' lang='lat' dir='ltr'><strong>in</strong></span> <span class='ocrx_word' id='word_1_52' title='bbox 990 1033 1384 1121; x_wconf 84' lang='lat' dir='ltr'>temporibus</span> <span class='ocrx_word' id='word_1_53' title='bbox 1413 1035 1477 1099; x_wconf 92' lang='lat' dir='ltr'><strong>se</strong></span> <span class='ocrx_word' id='word_1_54' title='bbox 1504 1034 1709 1101; x_wconf 89' lang='lat' dir='ltr'><strong>vivere</strong></span> <span class='ocrx_word' id='word_1_55' title='bbox 1736 1035 1960 1122; x_wconf 85' lang='lat' dir='ltr'><strong>fingit.</strong></span> <span class='ocrx_word' id='word_1_56' title='bbox 1944 1062 1960 1077; x_wconf 94' lang='lat'><strong>·</strong></span> <span class='ocrx_word' id='word_1_57' title='bbox 2008 1034 2209 1123; x_wconf 88' lang='lat' dir='ltr'><strong>igitur</strong></span> <span class='ocrx_word' id='word_1_58' title='bbox 2249 1035 2658 1101; x_wconf 88' lang='lat' dir='ltr'><strong>scribendum</strong></span> 
     </span>
     <span class='ocr_line' id='line_1_8' title="bbox 571 1134 2657 1225; baseline 0 -24"><span class='ocrx_word' id='word_1_59' title='bbox 571 1135 798 1202; x_wconf 81' lang='lat' dir='ltr'><strong>saltem</strong></span> <span class='ocrx_word' id='word_1_60' title='bbox 836 1149 996 1216; x_wconf 81' lang='lat' dir='ltr'><strong>erat,</strong></span> <span class='ocrx_word' id='word_1_61' title='bbox 1034 1134 1198 1224; x_wconf 63' lang='grc' dir='ltr'>εὑρὼν</span> <span class='ocrx_word' id='word_1_62' title='bbox 1229 1137 1337 1199; x_wconf 69' lang='grc' dir='ltr'><strong>ὃὶ’</strong></span> <span class='ocrx_word' id='word_1_63' title='bbox 1315 1134 1433 1221; x_wconf 65' lang='lat' dir='ltr'><strong>syci&gt;</strong></span> <span class='ocrx_word' id='word_1_64' title='bbox 1462 1136 1609 1200; x_wconf 73' lang='lat' dir='ltr'><strong>xal’</strong></span> <span class='ocrx_word' id='word_1_65' title='bbox 1587 1163 1641 1200; x_wconf 75' lang='grc' dir='ltr'><strong>εν</strong></span> <span class='ocrx_word' id='word_1_66' title='bbox 1668 1140 1757 1201; x_wconf 76' lang='grc' dir='ltr'><em>τοῖ</em></span> <span class='ocrx_word' id='word_1_67' title='bbox 1736 1164 1781 1211; x_wconf 83' lang='grc' dir='ltr'><strong>ις</strong></span> <span class='ocrx_word' id='word_1_68' title='bbox 1810 1143 1899 1199; x_wconf 80' lang='grc' dir='ltr'><strong>νῦν</strong></span> <span class='ocrx_word' id='word_1_69' title='bbox 1942 1136 2038 1201; x_wconf 67' lang='grc' dir='ltr'><strong>καὶ</strong></span> <span class='ocrx_word' id='word_1_70' title='bbox 2070 1139 2401 1221; x_wconf 75' lang='grc' dir='ltr'><strong><em>Ῥωμαϊκοῖς</em></strong></span> <span class='ocrx_word' id='word_1_71' title='bbox 2430 1137 2657 1225; x_wconf 78' lang='grc' dir='ltr'><strong><em>χρόνοις</em></strong></span> 
     </span>
    </p>
   </div>
   <div class='ocr_carea' id='block_1_5' title="bbox 427 1236 2654 1340">
    <p class='ocr_par' dir='ltr' id='par_1_5' title="bbox 427 1236 2654 1340">
     <span class='ocr_line' id='line_1_9' title="bbox 427 1236 2654 1340; baseline 0.001 -38"><span class='ocrx_word' id='word_1_72' title='bbox 427 1299 440 1307; x_wconf 62' lang='grc'>,</span> <span class='ocrx_word' id='word_1_73' title='bbox 569 1238 850 1325; x_wconf 77' lang='grc' dir='ltr'><strong>γεγονότα</strong></span> <span class='ocrx_word' id='word_1_74' title='bbox 876 1237 1038 1321; x_wconf 72' lang='grc' dir='ltr'><strong><em>ὅμοια</em></strong></span> <span class='ocrx_word' id='word_1_75' title='bbox 1061 1262 1176 1312; x_wconf 81' lang='grc' dir='ltr'><strong><em>τοις</em></strong></span> <span class='ocrx_word' id='word_1_76' title='bbox 1201 1241 1255 1301; x_wconf 79' lang='grc' dir='ltr'><strong>ἐν</strong></span> <span class='ocrx_word' id='word_1_77' title='bbox 1283 1262 1394 1312; x_wconf 80' lang='grc' dir='ltr'><strong><em>τοις</em></strong></span> <span class='ocrx_word' id='word_1_78' title='bbox 1421 1236 1683 1340; x_wconf 72' lang='grc' dir='ltr'><strong><em>ἀρχαίοις</em></strong></span> <span class='ocrx_word' id='word_1_79' title='bbox 1710 1242 1895 1326; x_wconf 64' lang='lat' dir='ltr'><strong>nortgo*</strong></span> <span class='ocrx_word' id='word_1_80' title='bbox 1874 1264 1919 1313; x_wconf 83' lang='grc' dir='ltr'><strong>ις</strong></span> <span class='ocrx_word' id='word_1_81' title='bbox 1946 1238 2445 1322; x_wconf 79' lang='grc' dir='ltr'><strong>συμβεβηκόσι--.</strong></span> <span class='ocrx_word' id='word_1_82' title='bbox 2523 1240 2654 1307; x_wconf 84' lang='lat' dir='ltr'><strong>Sed</strong></span> 
     </span>
    </p>
   </div>
   <div class='ocr_carea' id='block_1_6' title="bbox 544 1314 2655 4379">
    <p class='ocr_par' dir='ltr' id='par_1_6' title="bbox 569 1314 1753 1469">
     <span class='ocr_line' id='line_1_10' title="bbox 569 1314 1753 1469; baseline -0.003 -62"><span class='ocrx_word' id='word_1_83' title='bbox 569 1342 851 1469; x_wconf 84' lang='lat' dir='ltr'><strong>ineptior</strong></span> <span class='ocrx_word' id='word_1_84' title='bbox 875 1340 962 1405; x_wconf 84' lang='lat' dir='ltr'><strong>est</strong></span> <span class='ocrx_word' id='word_1_85' title='bbox 987 1362 1182 1428; x_wconf 88' lang='lat' dir='ltr'><strong>quam</strong></span> <span class='ocrx_word' id='word_1_86' title='bbox 1213 1338 1324 1427; x_wconf 90' lang='lat' dir='ltr'><strong>qui</strong></span> <span class='ocrx_word' id='word_1_87' title='bbox 1349 1314 1753 1405; x_wconf 86' lang='lat' dir='ltr'><strong>emendetur.</strong></span> 
     </span>
    </p>

    <p class='ocr_par' dir='ltr' id='par_1_7' title="bbox 563 1442 2655 2042">
     <span class='ocr_line' id='line_1_11' title="bbox 653 1442 2655 1533; baseline 0.001 -23"><span class='ocrx_word' id='word_1_88' title='bbox 653 1442 734 1510; x_wconf 78' lang='grc' dir='ltr'><strong>α’.</strong></span> <span class='ocrx_word' id='word_1_89' title='bbox 772 1466 838 1533; x_wconf 88' lang='lat' dir='ltr'><strong>p.</strong></span> <span class='ocrx_word' id='word_1_90' title='bbox 865 1463 1018 1529; x_wconf 82' lang='lat'><strong>305.</strong></span> <span class='ocrx_word' id='word_1_91' title='bbox 1052 1445 1128 1507; x_wconf 92' lang='grc' dir='ltr'><strong>Β.</strong></span> <span class='ocrx_word' id='word_1_92' title='bbox 1175 1442 1439 1517; x_wconf 72' lang='grc' dir='ltr'><strong><em>Δάτις-</em></strong></span> <span class='ocrx_word' id='word_1_93' title='bbox 1442 1443 1850 1529; x_wconf 72' lang='grc' dir='ltr'><strong><em>ἐχειροκοπήθη]</em></strong></span> <span class='ocrx_word' id='word_1_94' title='bbox 1904 1444 2009 1507; x_wconf 89' lang='lat' dir='ltr'><strong>Est</strong></span> <span class='ocrx_word' id='word_1_95' title='bbox 2051 1443 2249 1509; x_wconf 77' lang='lat' dir='ltr'><strong>etiam</strong></span> <span class='ocrx_word' id='word_1_96' title='bbox 2279 1444 2343 1509; x_wconf 81' lang='lat' dir='ltr'><strong>in</strong></span> <span class='ocrx_word' id='word_1_97' title='bbox 2390 1446 2655 1512; x_wconf 83' lang='lat' dir='ltr'><strong>Stobaeo</strong></span> 
     </span>
     <span class='ocr_line' id='line_1_12' title="bbox 563 1543 2651 1633; baseline 0 -20"><span class='ocrx_word' id='word_1_98' title='bbox 563 1546 786 1613; x_wconf 86' lang='lat' dir='ltr'><strong>Floril.</strong></span> <span class='ocrx_word' id='word_1_99' title='bbox 839 1545 974 1611; x_wconf 92' lang='lat' dir='ltr'><strong>Tit.</strong></span> <span class='ocrx_word' id='word_1_100' title='bbox 1018 1546 1175 1629; x_wconf 76' lang='lat' dir='ltr'><strong>yn.</strong></span> <span class='ocrx_word' id='word_1_101' title='bbox 1225 1566 1294 1631; x_wconf 91' lang='lat' dir='ltr'><strong>p.</strong></span> <span class='ocrx_word' id='word_1_102' title='bbox 1341 1565 1452 1631; x_wconf 89' lang='lat'><strong>91.</strong></span> <span class='ocrx_word' id='word_1_103' title='bbox 1506 1543 1729 1610; x_wconf 85' lang='lat' dir='ltr'><strong>addito</strong></span> <span class='ocrx_word' id='word_1_104' title='bbox 1782 1545 2266 1633; x_wconf 87' lang='lat' dir='ltr'><strong>Epigrammate</strong></span> <span class='ocrx_word' id='word_1_105' title='bbox 2323 1548 2651 1614; x_wconf 84' lang='lat' dir='ltr'><strong>Pantelei=</strong></span> 
     </span>
     <span class='ocr_line' id='line_1_13' title="bbox 565 1644 2643 1735; baseline 0 -21"><span class='ocrx_word' id='word_1_106' title='bbox 565 1646 958 1735; x_wconf 76' lang='lat' dir='ltr'><strong>principium</strong></span> <span class='ocrx_word' id='word_1_107' title='bbox 998 1644 1312 1711; x_wconf 84' lang='lat' dir='ltr'><strong>diversum</strong></span> <span class='ocrx_word' id='word_1_108' title='bbox 1351 1651 1479 1731; x_wconf 74' lang='grc' dir='ltr'><strong>Δαιρ</strong></span> <span class='ocrx_word' id='word_1_109' title='bbox 1481 1649 1582 1720; x_wconf 69' lang='grc' dir='ltr'><strong>εἷος</strong></span> <span class='ocrx_word' id='word_1_110' title='bbox 1612 1651 1773 1711; x_wconf 78' lang='grc' dir='ltr'><strong><em>ὁτῶν</em></strong></span> <span class='ocrx_word' id='word_1_111' title='bbox 1816 1652 2053 1734; x_wconf 77' lang='grc' dir='ltr'><strong><em>Περσῶν</em></strong></span> <span class='ocrx_word' id='word_1_112' title='bbox 2094 1647 2469 1727; x_wconf 48' lang='lat' dir='ltr'><strong>flavianis-m</strong></span> <span class='ocrx_word' id='word_1_113' title='bbox 2518 1671 2643 1714; x_wconf 63' lang='grc' dir='ltr'><strong>οε-</strong></span> 
     </span>
     <span class='ocr_line' id='line_1_14' title="bbox 565 1748 2647 1838; baseline 0 -23"><span class='ocrx_word' id='word_1_114' title='bbox 565 1764 772 1815; x_wconf 87' lang='lat' dir='ltr'><strong>teram</strong></span> <span class='ocrx_word' id='word_1_115' title='bbox 797 1748 1168 1813; x_wconf 85' lang='lat' dir='ltr'><strong>varietatem</strong></span> <span class='ocrx_word' id='word_1_116' title='bbox 1197 1770 1326 1813; x_wconf 92' lang='lat' dir='ltr'><strong>non</strong></span> <span class='ocrx_word' id='word_1_117' title='bbox 1356 1748 1524 1813; x_wconf 85' lang='lat' dir='ltr'><strong>tanti</strong></span> <span class='ocrx_word' id='word_1_118' title='bbox 1550 1750 1636 1813; x_wconf 90' lang='lat' dir='ltr'><strong>est</strong></span> <span class='ocrx_word' id='word_1_119' title='bbox 1662 1748 1940 1814; x_wconf 89' lang='lat' dir='ltr'><strong>referre.</strong></span> <span class='ocrx_word' id='word_1_120' title='bbox 1998 1749 2105 1815; x_wconf 89' lang='lat' dir='ltr'><strong>De</strong></span> <span class='ocrx_word' id='word_1_121' title='bbox 2134 1748 2487 1838; x_wconf 76' lang='lat' dir='ltr'><strong>Cyna-,giro</strong></span> <span class='ocrx_word' id='word_1_122' title='bbox 2514 1751 2647 1816; x_wconf 91' lang='lat' dir='ltr'><strong>solo</strong></span> 
     </span>
     <span class='ocr_line' id='line_1_15' title="bbox 566 1848 2645 1938; baseline -0 -20"><span class='ocrx_word' id='word_1_123' title='bbox 566 1851 942 1918; x_wconf 86' lang='lat' dir='ltr'><strong>Herodotus</strong></span> <span class='ocrx_word' id='word_1_124' title='bbox 973 1852 1095 1916; x_wconf 90' lang='lat' dir='ltr'><strong>VI.</strong></span> <span class='ocrx_word' id='word_1_125' title='bbox 1141 1871 1169 1914; x_wconf 92' lang='lat'>1</span> <span class='ocrx_word' id='word_1_126' title='bbox 1185 1870 1288 1932; x_wconf 91' lang='lat'><strong>14.</strong></span> <span class='ocrx_word' id='word_1_127' title='bbox 1324 1850 1404 1915; x_wconf 88' lang='lat' dir='ltr'><strong>de</strong></span> <span class='ocrx_word' id='word_1_128' title='bbox 1438 1849 1838 1916; x_wconf 83' lang='lat' dir='ltr'>Callimacho</span> <span class='ocrx_word' id='word_1_129' title='bbox 1874 1848 2239 1938; x_wconf 76' lang='lat' dir='ltr'><strong>[impliciter</strong></span> <span class='ocrx_word' id='word_1_130' title='bbox 2260 1852 2468 1936; x_wconf 60' lang='grc' dir='ltr'><strong><em>ὃιαφθέ</em></strong></span> <span class='ocrx_word' id='word_1_131' title='bbox 2420 1879 2645 1938; x_wconf 68' lang='grc' dir='ltr'><strong>ειμι-αι.</strong></span> 
     </span>
     <span class='ocr_line' id='line_1_16' title="bbox 564 1951 2287 2042; baseline -0.002 -20"><span class='ocrx_word' id='word_1_132' title='bbox 564 1955 906 2042; x_wconf 89' lang='lat' dir='ltr'><strong>Epizelum</strong></span> <span class='ocrx_word' id='word_1_133' title='bbox 933 1976 1052 2041; x_wconf 90' lang='lat' dir='ltr'><strong>pro</strong></span> <span class='ocrx_word' id='word_1_134' title='bbox 1083 1952 1387 2040; x_wconf 87' lang='lat' dir='ltr'><strong>Polyzelo</strong></span> <span class='ocrx_word' id='word_1_135' title='bbox 1415 1951 1593 2040; x_wconf 90' lang='lat' dir='ltr'><strong>quod</strong></span> <span class='ocrx_word' id='word_1_136' title='bbox 1618 1953 1999 2039; x_wconf 81' lang='lat' dir='ltr'><strong>interpretes</strong></span> <span class='ocrx_word' id='word_1_137' title='bbox 2032 1967 2287 2019; x_wconf 86' lang='lat' dir='ltr'><strong>notant.</strong></span> 
     </span>
    </p>

    <p class='ocr_par' dir='ltr' id='par_1_8' title="bbox 553 2054 2645 3445">
     <span class='ocr_line' id='line_1_17' title="bbox 646 2054 2645 2145; baseline -0.001 -21"><span class='ocrx_word' id='word_1_138' title='bbox 646 2078 734 2145; x_wconf 88' lang='lat'><strong>30</strong></span> <span class='ocrx_word' id='word_1_139' title='bbox 733 2072 799 2143; x_wconf 85' lang='grc'><strong>5</strong></span> <span class='ocrx_word' id='word_1_140' title='bbox 832 2057 915 2123; x_wconf 90' lang='lat' dir='ltr'><strong>C.</strong></span> <span class='ocrx_word' id='word_1_141' title='bbox 942 2055 1292 2145; x_wconf 62' lang='grc' dir='ltr'><strong><em>Ἀσδρούβας</em></strong></span> <span class='ocrx_word' id='word_1_142' title='bbox 1318 2057 1433 2141; x_wconf 89' lang='lat'><strong>--]</strong></span> <span class='ocrx_word' id='word_1_143' title='bbox 1488 2057 1667 2121; x_wconf 90' lang='lat' dir='ltr'><strong>Loco</strong></span> <span class='ocrx_word' id='word_1_144' title='bbox 1693 2054 1822 2121; x_wconf 70' lang='lat' dir='ltr'><strong>fiffi</strong></span> <span class='ocrx_word' id='word_1_145' title='bbox 1848 2055 2129 2142; x_wconf 85' lang='lat' dir='ltr'><strong>exempli</strong></span> <span class='ocrx_word' id='word_1_146' title='bbox 2154 2070 2409 2143; x_wconf 88' lang='lat' dir='ltr'><strong>poterat</strong></span> <span class='ocrx_word' id='word_1_147' title='bbox 2436 2058 2645 2123; x_wconf 85' lang='lat' dir='ltr'><strong>verius</strong></span> 
     </span>
     <span class='ocr_line' id='line_1_18' title="bbox 561 2155 2641 2248; baseline -0.002 -21"><span class='ocrx_word' id='word_1_148' title='bbox 561 2176 888 2248; x_wconf 88' lang='lat' dir='ltr'><strong>apponere</strong></span> <span class='ocrx_word' id='word_1_149' title='bbox 934 2160 1298 2224; x_wconf 89' lang='lat' dir='ltr'><strong>Romanum</strong></span> <span class='ocrx_word' id='word_1_150' title='bbox 1335 2178 1416 2220; x_wconf 86' lang='lat' dir='ltr'><strong>ex</strong></span> <span class='ocrx_word' id='word_1_151' title='bbox 1451 2156 1711 2221; x_wconf 90' lang='lat' dir='ltr'><strong>Valerio</strong></span> <span class='ocrx_word' id='word_1_152' title='bbox 1742 2155 2035 2221; x_wconf 83' lang='lat' dir='ltr'><strong>Maximo</strong></span> <span class='ocrx_word' id='word_1_153' title='bbox 2062 2158 2189 2221; x_wconf 86' lang='grc' dir='ltr'><strong>ΙΙΙ.</strong></span> <span class='ocrx_word' id='word_1_154' title='bbox 2224 2176 2287 2237; x_wconf 90' lang='grc'><strong>2,</strong></span> <span class='ocrx_word' id='word_1_155' title='bbox 2322 2176 2403 2225; x_wconf 91' lang='grc'><strong>22</strong></span> <span class='ocrx_word' id='word_1_156' title='bbox 2436 2170 2506 2223; x_wconf 90' lang='lat' dir='ltr'><strong>et</strong></span> <span class='ocrx_word' id='word_1_157' title='bbox 2536 2178 2641 2241; x_wconf 80' lang='lat'><strong>24.</strong></span> 
     </span>
     <span class='ocr_line' id='line_1_19' title="bbox 563 2253 2643 2348; baseline -0.002 -19"><span class='ocrx_word' id='word_1_158' title='bbox 563 2262 878 2348; x_wconf 57' lang='lat' dir='ltr'><strong>Diorgystus</strong></span> <span class='ocrx_word' id='word_1_159' title='bbox 923 2259 1160 2324; x_wconf 81' lang='lat' dir='ltr'><strong>Siculus</strong></span> <span class='ocrx_word' id='word_1_160' title='bbox 1201 2253 1594 2343; x_wconf 82' lang='lat' dir='ltr'><strong>ablegandus</strong></span> <span class='ocrx_word' id='word_1_161' title='bbox 1630 2255 1711 2320; x_wconf 91' lang='lat' dir='ltr'><strong>ad</strong></span> <span class='ocrx_word' id='word_1_162' title='bbox 1748 2256 1907 2321; x_wconf 88' lang='lat' dir='ltr'><strong>alios</strong></span> <span class='ocrx_word' id='word_1_163' title='bbox 1948 2260 2032 2325; x_wconf 88' lang='lat' dir='ltr'><strong>ab</strong></span> <span class='ocrx_word' id='word_1_164' title='bbox 2066 2257 2309 2323; x_wconf 85' lang='lat' dir='ltr'><strong>artifice</strong></span> <span class='ocrx_word' id='word_1_165' title='bbox 2336 2258 2533 2347; x_wconf 87' lang='lat' dir='ltr'><strong>hujus</strong></span> <span class='ocrx_word' id='word_1_166' title='bbox 2558 2260 2643 2325; x_wconf 82' lang='lat' dir='ltr'><strong>li-</strong></span> 
     </span>
     <span class='ocr_line' id='line_1_20' title="bbox 563 2356 2645 2445; baseline -0.001 -16"><span class='ocrx_word' id='word_1_167' title='bbox 563 2364 720 2429; x_wconf 90' lang='lat' dir='ltr'><strong>belli</strong></span> <span class='ocrx_word' id='word_1_168' title='bbox 746 2362 927 2427; x_wconf 52' lang='lat' dir='ltr'><strong>finitos</strong></span> <span class='ocrx_word' id='word_1_169' title='bbox 966 2356 1323 2445; x_wconf 75' lang='lat' dir='ltr'><strong>scriptores.</strong></span> <span class='ocrx_word' id='word_1_170' title='bbox 1381 2426 1384 2434; x_wconf 67' lang='grc'><em>,</em></span> <span class='ocrx_word' id='word_1_171' title='bbox 1411 2360 1741 2443; x_wconf 86' lang='lat' dir='ltr'><strong>Amyotus</strong></span> <span class='ocrx_word' id='word_1_172' title='bbox 1770 2371 1834 2424; x_wconf 90' lang='lat' dir='ltr'><strong>et</strong></span> <span class='ocrx_word' id='word_1_173' title='bbox 1863 2358 2197 2445; x_wconf 89' lang='lat' dir='ltr'><strong>Xylander</strong></span> <span class='ocrx_word' id='word_1_174' title='bbox 2225 2360 2645 2427; x_wconf 85' lang='lat' dir='ltr'><strong>reddiderunt</strong></span> 
     </span>
     <span class='ocr_line' id='line_1_21' title="bbox 561 2456 2641 2545; baseline 0 -18"><span class='ocrx_word' id='word_1_175' title='bbox 561 2464 866 2530; x_wconf 81' lang='lat' dir='ltr'><strong>Diodorus</strong></span> <span class='ocrx_word' id='word_1_176' title='bbox 912 2459 1142 2529; x_wconf 80' lang='lat' dir='ltr'><strong>Siculus</strong></span> <span class='ocrx_word' id='word_1_177' title='bbox 1183 2480 1262 2523; x_wconf 86' lang='lat' dir='ltr'><strong>ex</strong></span> <span class='ocrx_word' id='word_1_178' title='bbox 1306 2456 1759 2524; x_wconf 86' lang='lat' dir='ltr'><strong>emendatione</strong></span> <span class='ocrx_word' id='word_1_179' title='bbox 1801 2459 1911 2545; x_wconf 88' lang='lat' dir='ltr'><strong>ipfi</strong></span> <span class='ocrx_word' id='word_1_180' title='bbox 1958 2460 2101 2525; x_wconf 87' lang='lat' dir='ltr'><strong>sua:</strong></span> <span class='ocrx_word' id='word_1_181' title='bbox 2152 2460 2259 2525; x_wconf 92' lang='lat' dir='ltr'><strong>hic</strong></span> <span class='ocrx_word' id='word_1_182' title='bbox 2298 2460 2494 2525; x_wconf 88' lang='lat' dir='ltr'><strong>etiam</strong></span> <span class='ocrx_word' id='word_1_183' title='bbox 2522 2460 2641 2527; x_wconf 89' lang='lat' dir='ltr'><strong>ad-</strong></span> 
     </span>
     <span class='ocr_line' id='line_1_22' title="bbox 557 2558 2642 2650; baseline -0 -21"><span class='ocrx_word' id='word_1_184' title='bbox 557 2564 698 2629; x_wconf 85' lang='lat' dir='ltr'><strong>dit:</strong></span> <span class='ocrx_word' id='word_1_185' title='bbox 739 2561 917 2650; x_wconf 76' lang='lat' dir='ltr'><strong>,loqui</strong></span> <span class='ocrx_word' id='word_1_186' title='bbox 965 2572 1160 2625; x_wconf 80' lang='lat' dir='ltr'><strong>autem</strong></span> <span class='ocrx_word' id='word_1_187' title='bbox 1201 2559 1443 2623; x_wconf 76' lang='lat' dir='ltr'><strong>videtur</strong></span> <span class='ocrx_word' id='word_1_188' title='bbox 1486 2558 1561 2621; x_wconf 79' lang='lat' dir='ltr'><strong>de</strong></span> <span class='ocrx_word' id='word_1_189' title='bbox 1585 2559 1830 2624; x_wconf 76' lang='lat' dir='ltr'><strong>Metelli</strong></span> <span class='ocrx_word' id='word_1_190' title='bbox 1867 2560 2122 2625; x_wconf 55' lang='lat' dir='ltr'><strong>vidoria</strong></span> <span class='ocrx_word' id='word_1_191' title='bbox 2157 2561 2273 2625; x_wconf 79' lang='lat' dir='ltr'><strong>illa</strong></span> <span class='ocrx_word' id='word_1_192' title='bbox 2310 2561 2531 2649; x_wconf 76' lang='lat' dir='ltr'><strong>illustri</strong></span> <span class='ocrx_word' id='word_1_193' title='bbox 2568 2566 2642 2628; x_wconf 84' lang='lat' dir='ltr'><strong>de</strong></span> 
     </span>
     <span class='ocr_line' id='line_1_23' title="bbox 563 2662 2641 2753; baseline -0.001 -20"><span class='ocrx_word' id='word_1_194' title='bbox 563 2663 1154 2753; x_wconf 73' lang='lat' dir='ltr'><strong>Carthaginierfibus</strong></span> <span class='ocrx_word' id='word_1_195' title='bbox 1181 2663 1247 2727; x_wconf 86' lang='lat' dir='ltr'><strong>in</strong></span> <span class='ocrx_word' id='word_1_196' title='bbox 1263 2662 1491 2741; x_wconf 30' lang='lat' dir='ltr'><strong>‘Sicilia</strong></span> <span class='ocrx_word' id='word_1_197' title='bbox 1510 2674 1694 2750; x_wconf 81' lang='lat' dir='ltr'><strong>parta</strong></span> <span class='ocrx_word' id='word_1_198' title='bbox 1723 2665 1796 2727; x_wconf 76' lang='lat' dir='ltr'><strong>de</strong></span> <span class='ocrx_word' id='word_1_199' title='bbox 1822 2688 1943 2751; x_wconf 84' lang='lat' dir='ltr'><strong>qua</strong></span> <span class='ocrx_word' id='word_1_200' title='bbox 1974 2664 2195 2729; x_wconf 81' lang='lat' dir='ltr'><strong>Livius</strong></span> <span class='ocrx_word' id='word_1_201' title='bbox 2210 2664 2311 2729; x_wconf 80' lang='lat' dir='ltr'><strong>lib.</strong></span> <span class='ocrx_word' id='word_1_202' title='bbox 2340 2686 2441 2752; x_wconf 89' lang='lat'><strong>19.</strong></span> <span class='ocrx_word' id='word_1_203' title='bbox 2494 2667 2641 2731; x_wconf 83' lang='lat' dir='ltr'><strong>Pli-</strong></span> 
     </span>
     <span class='ocr_line' id='line_1_24' title="bbox 559 2764 2637 2855; baseline 0 -21"><span class='ocrx_word' id='word_1_204' title='bbox 559 2771 694 2835; x_wconf 68' lang='grc' dir='ltr'><strong>πίω</strong></span> <span class='ocrx_word' id='word_1_205' title='bbox 729 2769 794 2848; x_wconf 88' lang='grc'><strong>8,</strong></span> <span class='ocrx_word' id='word_1_206' title='bbox 833 2769 898 2831; x_wconf 93' lang='lat'><strong>6.</strong></span> <span class='ocrx_word' id='word_1_207' title='bbox 945 2778 1001 2830; x_wconf 80' lang='lat' dir='ltr'><strong>et</strong></span> <span class='ocrx_word' id='word_1_208' title='bbox 1039 2764 1354 2851; x_wconf 50' lang='lat' dir='ltr'><strong>Dionysius</strong></span> <span class='ocrx_word' id='word_1_209' title='bbox 1396 2764 1608 2831; x_wconf 86' lang='lat' dir='ltr'><strong>Halic.</strong></span> <span class='ocrx_word' id='word_1_210' title='bbox 1653 2765 1759 2831; x_wconf 86' lang='lat' dir='ltr'><strong>lib.</strong></span> <span class='ocrx_word' id='word_1_211' title='bbox 1803 2785 1881 2834; x_wconf 81' lang='lat'><strong>2:</strong></span> <span class='ocrx_word' id='word_1_212' title='bbox 1942 2788 2145 2855; x_wconf 88' lang='lat' dir='ltr'><strong>eaque</strong></span> <span class='ocrx_word' id='word_1_213' title='bbox 2194 2767 2277 2833; x_wconf 90' lang='lat' dir='ltr'><strong>de</strong></span> <span class='ocrx_word' id='word_1_214' title='bbox 2319 2769 2529 2834; x_wconf 85' lang='lat' dir='ltr'><strong>cauffa</strong></span> <span class='ocrx_word' id='word_1_215' title='bbox 2568 2770 2637 2835; x_wconf 89' lang='lat' dir='ltr'><strong>in</strong></span> 
     </span>
     <span class='ocr_line' id='line_1_25' title="bbox 553 2860 2638 2959; baseline 0 -21"><span class='ocrx_word' id='word_1_216' title='bbox 553 2860 950 2959; x_wconf 70' lang='lat' dir='ltr'><strong>Fragmenta</strong></span> <span class='ocrx_word' id='word_1_217' title='bbox 972 2867 1244 2934; x_wconf 89' lang='lat' dir='ltr'><strong>Diodori</strong></span> <span class='ocrx_word' id='word_1_218' title='bbox 1268 2868 1471 2933; x_wconf 87' lang='lat' dir='ltr'><strong>Siculi</strong></span> <span class='ocrx_word' id='word_1_219' title='bbox 1497 2868 1739 2955; x_wconf 89' lang='lat' dir='ltr'><strong>recepit</strong></span> <span class='ocrx_word' id='word_1_220' title='bbox 1758 2868 2139 2958; x_wconf 81' lang='lat' dir='ltr'><strong>Weffeling.</strong></span> <span class='ocrx_word' id='word_1_221' title='bbox 2166 2872 2245 2935; x_wconf 93' lang='lat' dir='ltr'><strong>T.</strong></span> <span class='ocrx_word' id='word_1_222' title='bbox 2272 2873 2361 2940; x_wconf 84' lang='lat'><strong>11.</strong></span> <span class='ocrx_word' id='word_1_223' title='bbox 2391 2894 2459 2959; x_wconf 92' lang='lat' dir='ltr'><strong>p.</strong></span> <span class='ocrx_word' id='word_1_224' title='bbox 2482 2874 2638 2955; x_wconf 82' lang='lat'><strong>642.</strong></span> 
     </span>
     <span class='ocr_line' id='line_1_26' title="bbox 561 2970 2641 3058; baseline 0 -18"><span class='ocrx_word' id='word_1_225' title='bbox 561 2974 752 3041; x_wconf 91' lang='lat' dir='ltr'><strong>nimis</strong></span> <span class='ocrx_word' id='word_1_226' title='bbox 795 2971 986 3038; x_wconf 75' lang='lat' dir='ltr'><strong>doEte</strong></span> <span class='ocrx_word' id='word_1_227' title='bbox 1028 2984 1096 3036; x_wconf 93' lang='lat' dir='ltr'><strong>et</strong></span> <span class='ocrx_word' id='word_1_228' title='bbox 1137 2970 1416 3036; x_wconf 91' lang='lat' dir='ltr'><strong>modeste</strong></span> <span class='ocrx_word' id='word_1_229' title='bbox 1459 2985 1727 3058; x_wconf 81' lang='lat' dir='ltr'><strong>agentes</strong></span> <span class='ocrx_word' id='word_1_230' title='bbox 1770 2993 1924 3037; x_wconf 88' lang='lat' dir='ltr'><strong>cum</strong></span> <span class='ocrx_word' id='word_1_231' title='bbox 1966 2972 2217 3037; x_wconf 85' lang='lat' dir='ltr'><strong>falsario</strong></span> <span class='ocrx_word' id='word_1_232' title='bbox 2260 2972 2523 3039; x_wconf 61' lang='lat' dir='ltr'><strong>indocto</strong></span> <span class='ocrx_word' id='word_1_233' title='bbox 2568 2988 2641 3041; x_wconf 83' lang='lat' dir='ltr'><strong>et</strong></span> 
     </span>
     <span class='ocr_line' id='line_1_27' title="bbox 560 3070 2637 3163; baseline 0.001 -22"><span class='ocrx_word' id='word_1_234' title='bbox 560 3074 964 3163; x_wconf 83' lang='lat' dir='ltr'><strong>impudente.</strong></span> <span class='ocrx_word' id='word_1_235' title='bbox 1051 3070 1342 3158; x_wconf 78' lang='lat' dir='ltr'><strong>Arzstides</strong></span> <span class='ocrx_word' id='word_1_236' title='bbox 1370 3073 1649 3159; x_wconf 70' lang='lat' dir='ltr'><strong>Milaefius</strong></span> <span class='ocrx_word' id='word_1_237' title='bbox 1670 3072 2009 3160; x_wconf 77' lang='lat' dir='ltr'><strong>aliquoties</strong></span> <span class='ocrx_word' id='word_1_238' title='bbox 2037 3072 2103 3138; x_wconf 90' lang='lat' dir='ltr'><strong>in</strong></span> <span class='ocrx_word' id='word_1_239' title='bbox 2134 3074 2258 3142; x_wconf 92' lang='lat' dir='ltr'><strong>hoc</strong></span> <span class='ocrx_word' id='word_1_240' title='bbox 2286 3076 2507 3141; x_wconf 88' lang='lat' dir='ltr'><strong>libello</strong></span> <span class='ocrx_word' id='word_1_241' title='bbox 2538 3078 2637 3143; x_wconf 90' lang='lat' dir='ltr'><strong>ci-</strong></span> 
     </span>
     <span class='ocr_line' id='line_1_28' title="bbox 557 3173 2637 3257; baseline -0 -15"><span class='ocrx_word' id='word_1_242' title='bbox 557 3190 758 3257; x_wconf 85' lang='lat' dir='ltr'><strong>tatus,</strong></span> <span class='ocrx_word' id='word_1_243' title='bbox 785 3175 1012 3241; x_wconf 88' lang='lat' dir='ltr'><strong>eodem</strong></span> <span class='ocrx_word' id='word_1_244' title='bbox 1043 3173 1485 3239; x_wconf 84' lang='lat' dir='ltr'><strong>amandandus</strong></span> <span class='ocrx_word' id='word_1_245' title='bbox 1528 3175 1653 3240; x_wconf 88' lang='lat' dir='ltr'><strong>est.</strong></span> <span class='ocrx_word' id='word_1_246' title='bbox 1700 3174 1885 3242; x_wconf 68' lang='lat' dir='ltr'><strong>fietus</strong></span> <span class='ocrx_word' id='word_1_247' title='bbox 1928 3198 2009 3240; x_wconf 84' lang='lat' dir='ltr'><strong>ex</strong></span> <span class='ocrx_word' id='word_1_248' title='bbox 2050 3176 2323 3241; x_wconf 88' lang='lat' dir='ltr'><strong>Aristide</strong></span> <span class='ocrx_word' id='word_1_249' title='bbox 2352 3176 2559 3243; x_wconf 72' lang='lat' dir='ltr'><strong>Miles</strong></span> <span class='ocrx_word' id='word_1_250' title='bbox 2561 3199 2637 3242; x_wconf 86' lang='lat' dir='ltr'><strong>a</strong></span> 
     </span>
     <span class='ocr_line' id='line_1_29' title="bbox 555 3276 2637 3403; baseline -0 -58"><span class='ocrx_word' id='word_1_251' title='bbox 555 3277 786 3346; x_wconf 82' lang='lat' dir='ltr'><strong>corum</strong></span> <span class='ocrx_word' id='word_1_252' title='bbox 827 3276 1155 3363; x_wconf 82' lang='lat' dir='ltr'><strong>scriptore.</strong></span> <span class='ocrx_word' id='word_1_253' title='bbox 1243 3276 1525 3355; x_wconf 75' lang='grc' dir='ltr'><strong><em>Μιλήσιος</em></strong></span> <span class='ocrx_word' id='word_1_254' title='bbox 1563 3278 1781 3343; x_wconf 86' lang='lat' dir='ltr'><strong>abest’</strong></span> <span class='ocrx_word' id='word_1_255' title='bbox 1766 3301 1831 3342; x_wconf 84' lang='lat'><strong>111</strong></span> <span class='ocrx_word' id='word_1_256' title='bbox 1863 3278 2052 3344; x_wconf 87' lang='lat' dir='ltr'><strong>Harl.</strong></span> <span class='ocrx_word' id='word_1_257' title='bbox 2088 3278 2153 3343; x_wconf 91' lang='lat' dir='ltr'><strong>in</strong></span> <span class='ocrx_word' id='word_1_258' title='bbox 2186 3282 2257 3343; x_wconf 93' lang='lat' dir='ltr'><strong>F.</strong></span> <span class='ocrx_word' id='word_1_259' title='bbox 2290 3302 2329 3345; x_wconf 94' lang='lat' dir='ltr'><strong>a</strong></span> <span class='ocrx_word' id='word_1_260' title='bbox 2356 3281 2637 3403; x_wconf 79' lang='lat' dir='ltr'><strong>recenti-</strong></span> 
     </span>
     <span class='ocr_line' id='line_1_30' title="bbox 553 3376 1239 3445; baseline -0.005 0"><span class='ocrx_word' id='word_1_261' title='bbox 553 3402 666 3445; x_wconf 88' lang='lat' dir='ltr'><strong>ore</strong></span> <span class='ocrx_word' id='word_1_262' title='bbox 695 3400 894 3443; x_wconf 84' lang='lat' dir='ltr'><strong>manu</strong></span> <span class='ocrx_word' id='word_1_263' title='bbox 921 3376 1239 3443; x_wconf 88' lang='lat' dir='ltr'><strong>additum.</strong></span> 
     </span>
    </p>

    <p class='ocr_par' dir='ltr' id='par_1_9' title="bbox 544 3479 2635 4379">
     <span class='ocr_line' id='line_1_31' title="bbox 637 3479 2632 3567; baseline 0.003 -22"><span class='ocrx_word' id='word_1_264' title='bbox 637 3480 720 3563; x_wconf 85' lang='grc' dir='ltr'><strong>β’.</strong></span> <span class='ocrx_word' id='word_1_265' title='bbox 749 3500 904 3567; x_wconf 84' lang='lat'><strong>305</strong></span> <span class='ocrx_word' id='word_1_266' title='bbox 932 3480 1051 3567; x_wconf 88' lang='lat' dir='ltr'><strong>D]</strong></span> <span class='ocrx_word' id='word_1_267' title='bbox 1097 3479 1412 3547; x_wconf 86' lang='lat' dir='ltr'><strong>Fraudem</strong></span> <span class='ocrx_word' id='word_1_268' title='bbox 1441 3483 1687 3549; x_wconf 84' lang='lat' dir='ltr'><strong>notavit</strong></span> <span class='ocrx_word' id='word_1_269' title='bbox 1714 3484 2180 3551; x_wconf 83' lang='lat' dir='ltr'><strong>Valckenarius</strong></span> <span class='ocrx_word' id='word_1_270' title='bbox 2210 3485 2295 3550; x_wconf 88' lang='lat' dir='ltr'><strong>ad</strong></span> <span class='ocrx_word' id='word_1_271' title='bbox 2326 3485 2632 3552; x_wconf 90' lang='lat' dir='ltr'><strong>Herodo-</strong></span> 
     </span>
     <span class='ocr_line' id='line_1_32' title="bbox 552 3583 2632 3673; baseline 0 -24"><span class='ocrx_word' id='word_1_272' title='bbox 552 3596 697 3649; x_wconf 86' lang='lat' dir='ltr'><strong>tum</strong></span> <span class='ocrx_word' id='word_1_273' title='bbox 723 3583 915 3649; x_wconf 85' lang='lat' dir='ltr'><strong>VIII.</strong></span> <span class='ocrx_word' id='word_1_274' title='bbox 951 3600 1056 3651; x_wconf 87' lang='grc'><strong>22.</strong></span> <span class='ocrx_word' id='word_1_275' title='bbox 1145 3584 1374 3649; x_wconf 82' lang='lat' dir='ltr'><strong>Graeca</strong></span> <span class='ocrx_word' id='word_1_276' title='bbox 1404 3583 1723 3651; x_wconf 83' lang='lat' dir='ltr'><strong>historiola</strong></span> <span class='ocrx_word' id='word_1_277' title='bbox 1756 3586 1843 3651; x_wconf 90' lang='lat' dir='ltr'><strong>est</strong></span> <span class='ocrx_word' id='word_1_278' title='bbox 1880 3585 2055 3673; x_wconf 90' lang='lat' dir='ltr'><strong>apud</strong></span> <span class='ocrx_word' id='word_1_279' title='bbox 2091 3588 2423 3652; x_wconf 86' lang='lat' dir='ltr'><strong>Stobaeum</strong></span> <span class='ocrx_word' id='word_1_280' title='bbox 2472 3585 2632 3651; x_wconf 89' lang='lat' dir='ltr'><strong>ibid.</strong></span> 
     </span>
     <span class='ocr_line' id='line_1_33' title="bbox 553 3676 2635 3775; baseline 0.002 -27"><span class='ocrx_word' id='word_1_281' title='bbox 553 3676 621 3773; x_wconf 67' lang='lat' dir='ltr'><strong>p.</strong></span> <span class='ocrx_word' id='word_1_282' title='bbox 663 3704 771 3771; x_wconf 89' lang='lat'><strong>91.</strong></span> <span class='ocrx_word' id='word_1_283' title='bbox 810 3684 1128 3771; x_wconf 89' lang='lat' dir='ltr'><strong>adscripto</strong></span> <span class='ocrx_word' id='word_1_284' title='bbox 1169 3685 1433 3755; x_wconf 87' lang='lat' dir='ltr'><strong>nomine</strong></span> <span class='ocrx_word' id='word_1_285' title='bbox 1475 3685 1756 3752; x_wconf 64' lang='lat' dir='ltr'><strong>auctoris</strong></span> <span class='ocrx_word' id='word_1_286' title='bbox 1798 3688 2231 3775; x_wconf 68' lang='lat' dir='ltr'><strong>Agatlgyaefidae</strong></span> <span class='ocrx_word' id='word_1_287' title='bbox 2267 3688 2459 3753; x_wconf 85' lang='lat' dir='ltr'><strong>Samii</strong></span> <span class='ocrx_word' id='word_1_288' title='bbox 2496 3688 2565 3753; x_wconf 82' lang='lat' dir='ltr'><strong>in</strong></span> <span class='ocrx_word' id='word_1_289' title='bbox 2588 3710 2635 3772; x_wconf 92' lang='lat'>4</span> 
     </span>
     <span class='ocr_line' id='line_1_34' title="bbox 549 3786 2633 3875; baseline 0.002 -24"><span class='ocrx_word' id='word_1_290' title='bbox 549 3810 747 3852; x_wconf 77' lang='lat' dir='ltr'><strong>rerum</strong></span> <span class='ocrx_word' id='word_1_291' title='bbox 788 3786 1173 3872; x_wconf 78' lang='lat' dir='ltr'><strong>Perficarum.</strong></span> <span class='ocrx_word' id='word_1_292' title='bbox 1261 3788 1481 3851; x_wconf 82' lang='lat' dir='ltr'><strong>Notus</strong></span> <span class='ocrx_word' id='word_1_293' title='bbox 1540 3788 1627 3852; x_wconf 90' lang='lat' dir='ltr'><strong>est</strong></span> <span class='ocrx_word' id='word_1_294' title='bbox 1677 3787 2167 3875; x_wconf 79' lang='lat' dir='ltr'><strong>Agatharchidas</strong></span> <span class='ocrx_word' id='word_1_295' title='bbox 2218 3790 2465 3854; x_wconf 78' lang='lat' dir='ltr'><strong>Cnidius</strong></span> <span class='ocrx_word' id='word_1_296' title='bbox 2484 3814 2505 3854; x_wconf 92' lang='lat'><strong>.·</strong></span> <span class='ocrx_word' id='word_1_297' title='bbox 2564 3804 2633 3855; x_wconf 87' lang='lat' dir='ltr'><strong>at</strong></span> 
     </span>
     <span class='ocr_line' id='line_1_35' title="bbox 555 3888 2631 3979; baseline 0 -23"><span class='ocrx_word' id='word_1_298' title='bbox 555 3889 790 3956; x_wconf 77' lang='lat' dir='ltr'><strong>Samizcs</strong></span> <span class='ocrx_word' id='word_1_299' title='bbox 823 3890 888 3955; x_wconf 86' lang='lat' dir='ltr'><strong>in</strong></span> <span class='ocrx_word' id='word_1_300' title='bbox 926 3888 1174 3974; x_wconf 78' lang='lat' dir='ltr'><strong>Perstcis</strong></span> <span class='ocrx_word' id='word_1_301' title='bbox 1208 3911 1340 3953; x_wconf 91' lang='lat' dir='ltr'><strong>non</strong></span> <span class='ocrx_word' id='word_1_302' title='bbox 1374 3888 1479 3952; x_wconf 89' lang='lat' dir='ltr'><strong>nifi</strong></span> <span class='ocrx_word' id='word_1_303' title='bbox 1512 3888 1640 3955; x_wconf 89' lang='lat' dir='ltr'><strong>hoc</strong></span> <span class='ocrx_word' id='word_1_304' title='bbox 1669 3890 1816 3957; x_wconf 89' lang='lat' dir='ltr'><strong>loco</strong></span> <span class='ocrx_word' id='word_1_305' title='bbox 1844 3892 2102 3957; x_wconf 89' lang='lat' dir='ltr'><strong>citatur.</strong></span> <span class='ocrx_word' id='word_1_306' title='bbox 2196 3891 2429 3957; x_wconf 81' lang='lat' dir='ltr'><strong>Samius</strong></span> <span class='ocrx_word' id='word_1_307' title='bbox 2468 3912 2631 3979; x_wconf 84' lang='lat' dir='ltr'><strong>cog·</strong></span> 
     </span>
     <span class='ocr_line' id='line_1_36' title="bbox 553 3988 2631 4081; baseline -0 -22"><span class='ocrx_word' id='word_1_308' title='bbox 553 3992 816 4061; x_wconf 88' lang='lat' dir='ltr'><strong>nomine</strong></span> <span class='ocrx_word' id='word_1_309' title='bbox 845 3990 1050 4057; x_wconf 87' lang='lat' dir='ltr'><strong>altero</strong></span> <span class='ocrx_word' id='word_1_310' title='bbox 1079 3988 1215 4077; x_wconf 87' lang='lat' dir='ltr'><strong>pari</strong></span> <span class='ocrx_word' id='word_1_311' title='bbox 1243 3989 1465 4056; x_wconf 89' lang='lat' dir='ltr'><strong>libello</strong></span> <span class='ocrx_word' id='word_1_312' title='bbox 1493 3993 1597 4057; x_wconf 93' lang='lat' dir='ltr'><strong>De</strong></span> <span class='ocrx_word' id='word_1_313' title='bbox 1626 3992 2025 4059; x_wconf 87' lang='lat' dir='ltr'><strong>Fluminibus</strong></span> <span class='ocrx_word' id='word_1_314' title='bbox 2060 4014 2127 4079; x_wconf 98' lang='lat' dir='ltr'><strong>p.</strong></span> <span class='ocrx_word' id='word_1_315' title='bbox 2160 4011 2232 4059; x_wconf 85' lang='lat'><strong>11</strong></span> <span class='ocrx_word' id='word_1_316' title='bbox 2237 4011 2279 4081; x_wconf 84' lang='lat'><em>5</em></span> <span class='ocrx_word' id='word_1_317' title='bbox 2280 4014 2348 4079; x_wconf 83' lang='lat'><strong>5.</strong></span> <span class='ocrx_word' id='word_1_318' title='bbox 2384 3996 2457 4059; x_wconf 92' lang='lat' dir='ltr'><strong>F.</strong></span> <span class='ocrx_word' id='word_1_319' title='bbox 2488 4016 2631 4058; x_wconf 91' lang='lat' dir='ltr'><strong>me-</strong></span> 
     </span>
     <span class='ocr_line' id='line_1_37' title="bbox 549 4091 2632 4176; baseline -0 -14"><span class='ocrx_word' id='word_1_320' title='bbox 549 4108 858 4162; x_wconf 84' lang='lat' dir='ltr'><strong>moratur.</strong></span> <span class='ocrx_word' id='word_1_321' title='bbox 946 4092 1157 4157; x_wconf 92' lang='lat' dir='ltr'><strong>Miror</strong></span> <span class='ocrx_word' id='word_1_322' title='bbox 1197 4091 1519 4159; x_wconf 83' lang='lat' dir='ltr'><strong>summum</strong></span> <span class='ocrx_word' id='word_1_323' title='bbox 1574 4094 1960 4176; x_wconf 88' lang='lat' dir='ltr'><strong>Bentleium,</strong></span> <span class='ocrx_word' id='word_1_324' title='bbox 2007 4096 2127 4163; x_wconf 88' lang='lat' dir='ltr'><strong>hos</strong></span> <span class='ocrx_word' id='word_1_325' title='bbox 2160 4095 2339 4163; x_wconf 91' lang='lat' dir='ltr'><strong>locos</strong></span> <span class='ocrx_word' id='word_1_326' title='bbox 2382 4109 2459 4161; x_wconf 87' lang='lat' dir='ltr'><strong>ut</strong></span> <span class='ocrx_word' id='word_1_327' title='bbox 2505 4095 2632 4161; x_wconf 87' lang='lat' dir='ltr'><strong>fide</strong></span> 
     </span>
     <span class='ocr_line' id='line_1_38' title="bbox 547 4193 2631 4285; baseline 0 -22"><span class='ocrx_word' id='word_1_328' title='bbox 547 4196 782 4285; x_wconf 82' lang='lat' dir='ltr'><strong>dignos</strong></span> <span class='ocrx_word' id='word_1_329' title='bbox 835 4194 1112 4263; x_wconf 85' lang='lat' dir='ltr'><strong>attuliffe</strong></span> <span class='ocrx_word' id='word_1_330' title='bbox 1158 4193 1241 4261; x_wconf 90' lang='lat' dir='ltr'><strong>ad</strong></span> <span class='ocrx_word' id='word_1_331' title='bbox 1290 4194 1609 4261; x_wconf 87' lang='lat' dir='ltr'><strong>Phalarid.</strong></span> <span class='ocrx_word' id='word_1_332' title='bbox 1654 4198 1731 4261; x_wconf 92' lang='lat' dir='ltr'><strong>T.</strong></span> <span class='ocrx_word' id='word_1_333' title='bbox 1784 4199 1874 4263; x_wconf 86' lang='grc' dir='ltr'><strong>ΙΙ.</strong></span> <span class='ocrx_word' id='word_1_334' title='bbox 1928 4220 1995 4285; x_wconf 90' lang='lat' dir='ltr'><strong>p.</strong></span> <span class='ocrx_word' id='word_1_335' title='bbox 2048 4200 2193 4267; x_wconf 87' lang='lat'><strong>182.</strong></span> <span class='ocrx_word' id='word_1_336' title='bbox 2283 4201 2387 4265; x_wconf 92' lang='lat' dir='ltr'><strong>De</strong></span> <span class='ocrx_word' id='word_1_337' title='bbox 2433 4199 2631 4278; x_wconf 77' lang='lat' dir='ltr'><strong>&#39;rebus</strong></span> 
     </span>
     <span class='ocr_line' id='line_1_39' title="bbox 544 4297 2631 4379; baseline 0.001 -14"><span class='ocrx_word' id='word_1_338' title='bbox 544 4298 854 4367; x_wconf 82' lang='lat' dir='ltr'><strong>Romanis</strong></span> <span class='ocrx_word' id='word_1_339' title='bbox 884 4297 1226 4365; x_wconf 88' lang='lat' dir='ltr'><strong>Aristidem</strong></span> <span class='ocrx_word' id='word_1_340' title='bbox 1254 4297 1575 4365; x_wconf 73' lang='lat' dir='ltr'><strong>Milesium</strong></span> <span class='ocrx_word' id='word_1_341' title='bbox 1594 4298 1878 4379; x_wconf 87' lang='lat' dir='ltr'><strong>laudare,</strong></span> <span class='ocrx_word' id='word_1_342' title='bbox 1901 4300 2049 4367; x_wconf 88' lang='lat' dir='ltr'><strong>suus</strong></span> <span class='ocrx_word' id='word_1_343' title='bbox 2072 4301 2161 4367; x_wconf 89' lang='lat' dir='ltr'><strong>est</strong></span> <span class='ocrx_word' id='word_1_344' title='bbox 2180 4300 2431 4367; x_wconf 88' lang='lat' dir='ltr'><strong>homini</strong></span> <span class='ocrx_word' id='word_1_345' title='bbox 2458 4322 2631 4367; x_wconf 87' lang='lat' dir='ltr'><strong>mos.</strong></span> 
     </span>
    </p>
   </div>
  </div>
 </body>
</html>
