2850 4817
587 352 666 414 ει·
865 350 952 411 n.
981 302 1090 412 ιη.
1133 330 2361 415 ANmADv.1N‘PLUTARcH1·L13.

673 533 742 599 Ρ.
777 516 927 597 293.
955 511 1048 575 A.
1077 509 1111 574 ι’
1117 510 1170 594 .]
1198 509 1601 598 Hesychius'
1581 533 1649 575 in
1678 510 1845 577 Voc.
1846 507 2203 591 Φυξίμηλα.
2418 562 2423 565 .

647 630 819 709 293.
853 616 940 679 Α.
967 611 1043 675 ια’
1049 614 1097 697 .]
1122 611 1623 679 Corinthiorum
1648 610 1918 677 coloni'ae
1948 610 2321 698 Corcyram
2315 608 2657 690 deductae,

481 776 484 779 ,
583 716 988 783 conditorem
1035 714 1320 800 produnt
1372 714 1571 805 Cher-s
1566 720 1817 779 cratem
1882 711 2257 777 Scholiastes
2312 709 2655 797 Apollonii

585 818 822 885 Rhodii
865 819 983 883 IV.
1032 824 1220 886 1212.
1261 830 1329 883 et
1371 818 1603 886 Strabo
1635 818 1759 884 VI.
1798 836 1867 931 p.
1902 835 2055 898 414.
2100 814 2212 879 ubi
2251 814 2419 879 varia
2449 813 2653 879 lec'izio

582 931 845 986 notatur
887 924 1065 1006 Xegou
1069 918 1280 1005 κράτεν
1327 941 1605 1006 quorum
1649 917 1983 982 nominum
2030 916 2485 1002 quodcumque
2526 938 2655 981 .ve-

577 1013 722 1087 rum
753 1021 849 1100 fit,
877 1034 1048 1086 certe
1074 1019 1250 1087 idem
1277 1021 1475 1085 homo
1505 1020 1891 1107 fignificatur
1918 1040 1957 1082 a
1984 1017 2352 1096 Plutarch0,
2378 1018 2653 1083 nomine

584 1121 970 1187 charicratis.
1026 1122 1132 1188 Illi
1163 1124 1448 1189 Colchos
1475 1146 1647 1202 eum,
1676 1134 1788 1187 aut
1816 1121 2138 1187 Liburnos
2165 1118 2317 1186 inde
2346 1119 2655 1205 expulisse

579 1223 902 1291 scribunt:
943 1225 1026 1291 de
1055 1226 1507 1293 Eretrienfibus
1536 1237 1777 1291 tacent.
1864 1226 2009 1288 Hos
2034 1236 2251 1287 tamen
2282 1221 2655 1287 Methonen

541 1406 546 1409 Ι
575 1324 646 1391 in
667 1324 1054 1392 Macedonia
1072 1326 1440 1405 condidisse,
1472 1326 1685 1413 postea
1714 1323 1989 1411 Philippi
2008 1322 2339 1389 -obfidione
2366 1321 2655 1388 celebra-

575 1440 737 1506 tam,
779 1426 972 1493 refert
1011 1422 1378 1495 Eustathius
1415 1427 1500 1493 ad
1538 1427 1723 1492 Iliad.
1762 1431 1837 1490 B.
1868 1448 1937 1512 p.
1964 1426 2117 1511 328.
2204 1425 2309 1489 De
2338 1424 2650 1510 Corcyrae

579 1524 1064 1595 Corinthiorum
1093 1528 1365 1595 coloniae
1393 1527 1591 1595 initiis
1619 1534 1825 1613 nuper
1852 1526 1989 1614 egit
2012 1524 2458 1611 eruditiffimus
2484 1528 2653 1591 Lar-

447 1665 451 1672 ·
572 1629 804 1696 chems
845 1628 928 1695 ad
971 1629 1380 1697 Herodotum
1422 1632 1549 1696 ΙΙΙ.
1554 1650 1689 1716 49.
1718 1632 1911 1695 Tom.
1946 1629 2069 1693 ΙΙΙ.
2101 1650 2166 1715 p.
2198 1646 2350 1713 320.
2379 1628 2643 1715 V11.⁴p.

661 1854 809 1921 293.
835 1836 915 1901 Β.
947 1835 1046 1917 ιβ’.
1048 1840 1074 1923 ]
1121 1836 1420 1925 Σεπτήριον
1465 1858 1593 1901 non
1636 1835 1901 1923 quidem
1933 1830 2177 1909 eodem
2202 1832 2485 1911 nomine,
2530 1832 2645 1898 sed

572 1938 762 2003 rebus
789 1948 858 2001 et
883 1950 1268 2025 argumento
1298 1937 1681 2025 significatur
1704 1960 1746 2001 a
1774 1935 2115 2001 Plutarcho
2140 1937 2243 2000 De
2271 1935 2461 2000 Orac.
2492 1936 2643 2001 De-

571 2036 722 2101 fec't.
753 2058 820 2123 p.
839 2040 992 2118 418.
1016 2041 1104 2105 A.
1147 2042 1254 2105 De
1279 2040 1545 2118 Mufica,
1570 2060 1635 2125 p.
1666 2040 1855 2135 Ιι36.
1878 2037 1965 2102 A.
2014 2035 2271 2123 AEliano
2291 2036 2445 2101 Var.
2470 2036 2643 2099 Hist.

573 2140 808 2204 111.1.
879 2139 993 2205 Ad
1031 2141 1353 2229 Apollinis
1399 2151 1477 2207 ac
1524 2125 1837 2227 Pythonis
1879 2150 2203 2209 certamen
2244 2136 2645 2203 referebatur

572 2218 828 2329 Pythici
855 2244 1082 2308 cantus
1109 2243 1367 2321 modus,
1397 2244 1549 2307 teste
1580 2243 1891 2309 Strabone
1922 2242 2043 2305 IX.
2072 2262 2139 2327 p.
2170 2242 2324 2323 645.
2350 2240 2430 2303 B.
2485 2238 2638 2304 Pol-

567 2342 714 2409 luce
754 2344 873 2410 IV.
908 2344 1012 2425 84.
1099 2346 1185 2409 Et
1225 2344 1481 2430 quando
1524 2343 1591 2408 in
1634 2343 1763 2409 hoc
1806 2344 1958 2407 festo
2000 2343 2065 2407 in
2109 2340 2330 2430 primis
2372 2340 2641 2407 victoria

565 2442 888 2530 Apollinis
942 2456 1010 2509 et
1060 2442 1274 2509 laurea
1327 2466 1567 2510 corona
1620 2444 2081 2525 celebrabatur,
2137 2442 2313 2507 haud
2363 2442 2637 2507 absurda

450 2528 462 2579 7
565 2543 756 2631 plane
783 2544 1082 2611 habenda
1108 2546 1182 2611 fit
1219 2545 1410 2612 lectio
1454 2566 1643 2632 quam
1690 2546 1899 2632 priore
1940 2546 2087 2612 loco
2129 2544 2286 2611 Ald.
2326 2547 2405 2609 Ε.
2451 2546 2633 2610 Voff.

567 2648 637 2715 P.
683 2646 1021 2735 posteriore
1069 2648 1280 2715 rursus
1329 2648 1505 2714 Voff.
1537 2648 1837 2728 exhibet,
1886 2650 2225 2735 στεπῆριον.
2313 2648 2633 2713 Meurfius

559 2746 825 2835 quidem
867 2748 934 2816 in
979 2750 1230 2830 Graecia
1271 2752 1324 2815 F
1323 2750 1521 2816 eriata
1546 2752 1667 2817 VI.
1699 2773 1767 2839 p.
1798 2770 1945 2837 252.
1990 2774 2069 2817 ex
2109 2750 2436 2839 Hesychio
2469 2750 2635 2815 citat

538 2842 869 2939 ’Σεπτηρίω
900 2851 1197 2941 καθαρμός·
1233 2875 1424 2939 quem
1447 2853 1665 2920 locum
1686 2854 1761 2918 in*
1778 2854 2057 2921 editione
2085 2836 2465 2919 Albertianb.
2490 2853 2633 2918 fru-

562 2954 681 3019 stra
703 2952 1122 3041 quaefivimus.
1179 2955 1469 3021 Similem
1498 2955 1837 3044 ἔννεατηςίὸα
1860 2956 2198 3021 Thebanos
2218 2956 2285 3021 in
2310 2955 2631 3023 honorem

558 3054 879 3140 Apollinis
906 3055 1120 3143 egiffe,
1155 3055 1349 3124 refert
1379 3056 1639 3123 Proclus
1668 3057 1734 3123 in
1765 3056 2239 3122 Chrestomath.
2268 3078 2333 3143 p.
2363 3072 2487 3141 347
2500 3104 2517 3120 .

646 3176 794 3243 293.
826 3159 898 3223 F.
933 3156 1060 3245 ιγ’.]
1111 3158 1284 3225 Dedi
1327 3163 1381 3222 ἐν
1417 3162 1475 3223 δὲ
1510 3158 1687 3247 κίῤῥῃ,
1722 3181 1801 3224 ex
1827 3162 1907 3237 E,
1940 3162 2033 3239 H,
2062 3162 2231 3226 Ven.
2260 3158 2437 3224 Voff.
2466 3159 2629 3246 Xyl.

556 3280 675 3344 pro
706 3263 760 3329 ἓν,
787 3257 897 3323 δέον
921 3258 1410 3347 nsppn—Partem
1441 3258 1633 3347 hujus
1663 3259 1935 3326 historiae
1962 3259 2213 3337 iteravit
2242 3258 2631 3325 Plutarchus

555 3360 793 3447 Quaest.
821 3361 935 3425 Gr.
959 3360 1071 3434 κς’.
1097 3382 1164 3448 Ρ.
1191 3378 1338 3447 297.
1363 3365 1441 3428 Β.
1486 3362 1805 3450 Quaedam
1835 3362 2190 3448 attigerunt
2216 3361 2355 3427 alii:
2390 3362 2630 3427 Strabo

537 3464 612 3525 'I.
640 3483 707 3548 Ρ.
744 3475 888 3545 105.
918 3460 1013 3528 B:
1061 3465 1157 3528 καὶ
1197 3468 1348 3528 Αἲειν
1306 3469 1472 3539 ειὶίνες
1508 3470 1559 3528 οἷ
1594 3471 1682 3527 νῦν
1720 3464 1966 3527 Αἰόῖτωλ
1916 3490 1989 3537 οις
2026 3461 2209 3551 δἰμοςο
2248 3465 2365 3549 περὶ
2350 3464 2625 3527 ιτόΔῶ-

550 3590 666 3629 τιον
707 3562 894 3650 ᾤκουν·
897 3551 1218 3653 indeque
1241 3580 1312 3631 et
1337 3565 1740 3631 Athamanes
1764 3586 1805 3629 a
1830 3563 2131 3651 Lapithis
2168 3564 2402 3652 expulfi
2446 3564 2625 3645 su·,nt

553 3666 684 3729 IX.-
723 3687 790 3751 p.
829 3669 986 3750 674.
1029 3667 1109 3732 C.
1155 3672 1305 3753 675.
1349 3668 1438 3732 A.
1512 3665 1831 3731 Cellarius
1862 3668 2105 3753 Geogr.
2147 3668 2312 3732 Ant.
2349 3667 2427 3731 T.
2463 3669 2517 3732 I.
2550 3689 2625 3754 Ρ.

423 3823 430 3829 ,
555 3784 704 3852 704.
779 3770 855 3833 In
874 3770 978 3831 'nal
1007 3770 1305 3855 προσαίτης
1331 3768 1426 3847 ων,
1458 3766 1680 3833 malim
1710 3770 1783 3842 ὥς
1806 3793 1871 3831 π.
1902 3794 1999 3832 ων.
2058 3764 2285 3833 Diffio
2314 3766 2629 3853 exquifitfl.

549 3870 838 3953 εὒξίιμενος
885 3874 964 3955 τῷ
1006 3869 1325 3935 Ἀπόλλωνι
1380 3870 1500 3932 καθ’
1547 3868 1883 3951 ἑκατόμβης,
1928 3867 2206 3957 Apollini
2254 3869 2627 3935 hecatomben

547 3972 754 4035 vovit.-
799 3971 878 4035 fic
909 3970 1288 4043 Plutarchus
1319 3969 1386 4033 in
1418 3968 1615 4035 Paulo
1644 3969 1869 4035 AEmil.
1898 3991 1965 4055 p.
1998 3972 2146 4052 264.
2180 3970 2277 4035 C:
2326 3968 2627 4052 εὐξάμενος

545 4073 636 4137 οὖν
678 4077 830 4167 afar-oi
864 4075 1008 4153 βοῶν
1045 4072 1239 4140 ἕκατον
1279 4072 1374 4135 καὶ
1411 4074 1629 4157 ἀγῶνος
1653 4076 1788 4158 ἱεροῦ
1820 4078 1898 4158 τῷ
1927 4072 2048 4158 θεῷ.
2120 4072 2335 4144 Mario
2360 4094 2428 4160 p.
2456 4092 2619 4154 420.

541 4174 644 4239 C:
693 4162 983 4257 νιψάμένος
1023 4172 1245 4257 Μάριος
1277 4175 1381 4247 τὰς
1414 4177 1615 4261 χεῖρας
1651 4173 1749 4237 καὶ
1787 4175 1917 4260 πρὸς
1942 4172 2036 4238 τδν
2062 4176 2279 4259 οὐρανὸν
2316 4174 2619 4260 ἀνασχών,

543 4273 736 4352 εὔξατο
756 4277 869 4348 τοῖς
895 4275 1022 4347 θεοῖς
1051 4276 1203 4338 κατὰ
1231 4272 1564 4356 ἑκατόμβης.
1628 4273 1934 4339 Aristides
1961 4274 2027 4339 in
2057 4274 2333 4341 Laudat.
2360 4278 2617 4363 Romae,
