2850 4817
460 381 467 388 -
584 369 667 432 94
886 351 965 412 D.
1006 352 1104 412 w.
1142 351 1672 412 ANIMADV..1N
1715 321 2185 412 remmom
2225 351 2384 412 Lm.
2435 369 2440 377 ·
2501 330 2507 334 ⁴

666 511 821 598 316.
848 513 928 576 E.
958 509 1108 598 τύχη
1138 510 1233 575 καὶ
1264 509 1888 596 ἀρπῆ--οτιισαμᾶνας
1913 511 2232 596 ammaim]
2283 512 2474 597 Hanc
2511 512 2666 590 sene

583 612 869 680 tentiam-
908 611 1231 678 Plutarchi
1274 611 1536 678 nomine
1576 611 1854 678 laudavit
1897 611 2352 699 DamophiluS,
2397 635 2478 678 ex
2517 637 2661 702 quo

583 738 727 782 eam
774 713 996 780 retulit
1035 713 1371 801 Evagrius
1389 713 1558 780 Hist.
1607 713 1850 780 Eccles.
1895 715 2016 780 Vl.
2065 735 2134 778 1.
2182 714 2508 799 Δαμόφιλος
2547 718 2658 800 μὲν

580 819 711 904 φησὶ
738 823 815 882 τοὶ
840 821 993 881 κατὰ
1017 817 1229 899 Ῥώμην
1248 816 1606 916 ἀναγιςόιφοον,
1630 814 2009 903 Πλούταρχον
2027 816 2122 880 τὸν
2143 818 2434 928 Χαιςοονέα
2457 826 2658 900 σαφῶς

582 929 766 1003 εἰπεῖν,
798 921 880 986 ὅτι
908 923 998 985 διὰ
1023 918 1225 997 ταύτην
1256 917 1419 1000 μόνην
1454 917 1775 982 ἐσπείσαντο
1803 917 1939 1003 πρδς
1975 903 2270 996 ἀλλήλας
2267 919 2434 1006 ἀρετῆ
2458 946 2523 983 τε
2549 921 2653 984 καὶ

578 1028 757 1115 τύχηι
840 1025 1040 1088 Hunc
1078 1019 1373 1086 Julianus
1413 1020 1582 1106 Imp.
1619 1018 1685 1083 in
1721 1018 2150 1105 Misopogone
2175 1040 2242 1105 Ρ.
2271 1021 2426 1104 358.
2459 1020 2542 1086 C.
2569 1043 2654 1086 ex

578 1129 849 1196 aliorum
892 1125 1069 1192 libris
1112 1122 1490 1189 suaviffimos
1533 1119 1704 1188 leem
1738 1119 1948 1206 ipsum
1986 1120 2180 1186 libros
2209 1123 2650 1207 composuisse,

576 1245 647 1298 et
686 1253 767 1296 ex
810 1226 1149 1295 Plutarcho
1192 1224 1389 1290 etiam
1431 1224 1608 1290 locos
1644 1221 1953 1288 adsciviss‘e
1996 1221 2232 1289 scribit.
2321 1223 2552 1300 Suidas
2578 1225 2646 1289 in

579 1329 902 1416 Δαμόφιλος
929 1327 1065 1416 ejus
1091 1325 1434 1414 pueritiam
1460 1325 1544 1390 ad
1573 1325 1784 1390 Marci
1809 1324 2128 1389 Antonini
2150 1331 2408 1390 aetatem
2431 1327 2646 1392 refert.

660 1457 726 1522 p.
755 1453 793 1520 3
806 1448 907 1517 17.
936 1433 1025 1496 A.
1052 1427 1419 1515 Δημόκριτος]
1453 1426 1602 1494 Alio
1629 1426 1696 1492 in
1725 1439 2108 1513 argumento
2137 1427 2320 1507 dixit,
2339 1441 2414 1492 ut
2439 1431 2641 1516 ap'pa-

572 1548 679 1603 ret
706 1557 787 1600 ex
810 1531 1072 1621 gemino
1103 1529 1425 1596 Plutarchi
1453 1527 1598 1594 loco
1625 1530 1733 1594 De
1763 1528 2005 1595 Arriore
2036 1528 2236 1594 Ptolis
2264 1551 2330 1616 p.
2359 1547 2514 1616 495.
2541 1531 2598 1594 E
2619 1556 2638 1594 ε

574 1643 603 1702 ὁ
630 1640 750 1724 γὰρ
778 1636 1026 1718 ὀμφαλὸς
1051 1641 1259 1718 πρῶτον
1287 1635 1340 1696 ἂν
1366 1631 1655 1718 μῆτρῃσιν,
1693 1629 1762 1706 ὥς
1803 1650 1934 1716 φησι
1973 1630 2340 1720 Δημόκριτος,
2384 1637 2641 1718 ἀγκυρη-

570 1739 760 1822 βόλιον
778 1738 957 1803 σάλου
984 1736 1080 1800 καὶ
1109 1734 1315 1812 πλάνης
1346 1733 1633 1817 ἐμφύεται.
1718 1735 1824 1799 De
1853 1733 2161 1800 vocabulo
2189 1746 2259 1798 et
2285 1735 2492 1799 forma
2519 1739 2640 1819 ἀγ-

570 1837 914 1929 κυρηβόλιον,
960 1829 1193 1924 pr'aeter
1232 1835 1637 1922 Stephanum
1677 1836 1888 1916 Thes„
1933 1835 2226 1922 quaedam
2269 1836 2514 1903 notavit
2554 1835 2638 1900 Is.

573 1943 1009 2020 casaubonum,
1046 1939 1113 2004 in
1154 1939 1360 2006 nostro
1398 1937 1547 2003 loco
1583 1959 1914 2025 perperam
1950 1938 2321 2004 Heraclitum
2353 1961 2471 2026 pro
2501 1940 2638 2004 De-

566 2046 795 2111 mocrito
820 2041 1181 2111 memorans
1211 2043 1293 2108 ad
1322 2044 1623 2108 Strabon.
1661 2045 1783 2108 111.
1817 2064 1884 2129 Ρ.
1920 2033 2067 2126 240.
2097 2044 2179 2110 C.
2269 2043 2453 2110 Idem
2481 2067 2634 2110 eum

422 2169 427 2178 ·
568 2146 841 2214 historiae
876 2146 1165 2228 adhibet,
1194 2145 1471 2233 indeque
1511 2145 1968 2232 interpretatur
1997 2145 2079 2212 ad
2109 2147 2447 2235 Polybium
2479 2149 2536 2212 Ι.
2564 2169 2634 2230 4.

565 2253 733 2438 'rx-311·
737 2265 1049 2436 7ΡΧ4ΖΩς
1072 2352 1189 2437 γὰρ
1218 2355 1267 2414 οἳ
1294 2350 1622 2435 vuemo-q
1660 2350 1918 2436 Physkos
1945 2350 2103 2416 dicit-
2129 2375 2257 2418 non
2290 2352 2485 2419 modo
2517 2355 2630 2418 Io-

565 2453 746 2519 nicos
795 2465 1075 2537 veteres,
1102 2465 1217 2518 aut
1258 2452 1732 2532 Democriteos,
1779 2455 2198 2534 Stratonicos,
2254 2456 2633 2543 Epicureoe,

564 2554 671 2621 sed
711 2553 989 2620 universe
1026 2577 1251 2620 omnes
1296 2553 1408 2641 qui
1450 2550 1624 2620 hanc'
1659 2568 1906 2643 partem
1951 2557 2303 2623 tractarunt
2343 2558 2633 2645 philoso-

562 2656 749 2744 phoS,
782 2668 1049 2742 excepto
1076 2671 1293 2722 tamen
1325 2655 1682 2736 Aristotele,
1715 2656 1827 2744 qui
1855 2657 2168 2722 mundum
2193 2658 2426 2747 fimper
2441 2657 2636 2748 fi‘ff

562 2757 813 2823 statuit:
866 2779 1015 2822 nam
1061 2780 1181 2823 nec
1224 2779 1264 2822 a
1306 2758 1586 2824 Platonis
1633 2759 1879 2824 ratione
1925 2759 2230 2824 abhorret
2278 2760 2632 2828 istiusmodi

560 2858 1024 2925 elementorum
1069 2881 1313 2947 pugna,
1359 2860 1646 2947 quamvis
1683 2883 1756 2926 ea
1794 2860 2210 2947 proportione
2238 2875 2306 2926 et
2333 2862 2532 2928 modo
2561 2862 2630 2928 in

562 2962 970 3032 concordiam
1022 2962 1279 3028 redacta
1321 2962 1518 3028 dicat.
1609 2963 1793 3029 Plura
1848 2963 2212 3030 notabimus
2261 2964 2344 3029 ad
2395 2965 2628 3032 Placit.

560 3065 791 3132 Philos.
824 3067 879 3130 Ι.
908 3086 973 3149 4.
1004 3088 1151 3154 quae
1182 3063 1520 3151 descriptio
1563 3071 1982 3151 comparatur
2003 3065 2155 3132 huic
2197 3067 2343 3132 loco
2383 3077 2454 3130 et
2483 3067 2624 3130 Lu·—

554 3168 757 3234 cretio
780 3169 867 3234 V.
897 3183 1050 3252 417.
1120 3166 1353 3233 Ovidio
1382 3169 1553 3232 Met.
1587 3168 1642 3234 Ι.
1674 3187 1904 3253 1—30.
1966 3169 2084 3234 Pro
2114 3170 2410 3248 ὑπολήψεις
2435 3170 2624 3234 Mez.

554 3269 784 3336 maluit
822 3271 1165 3350 ἀντιλήψεις,
1204 3281 1274 3334 et
1313 3275 1482 3355 φορᾶς
1521 3291 1638 3356 pro
1675 3269 1884 3359 φθόρου.
1971 3270 2081 3336 Ad
2115 3271 2324 3355 κόσμον
2359 3274 2458 3336 οὐκ
2485 3269 2622 3336 εἶναι

552 3371 761 3454 κόσμον
800 3371 1037 3458 Margo
1076 3369 1249 3437 Voff.
1290 3370 1488 3436 habet
1522 3371 1647 3437 hoc
1687 3371 2019 3451 Scholion,
2053 3379 2100 3412 “
2113 3372 2320 3456 κόσμον
2345 3371 2622 3455 ἄκοσμον,

552 3480 604 3516 “
632 3477 702 3549 ὦς
730 3472 1013 3553 Σίβυλ..
1041 3472 1287 3537 .Ἔσται
1330 3471 1601 3556 κόσμος*
1561 3497 1806 3555 ακοσμος
1840 3475 2232 3557 ἀπολλυμένων
2273 3473 2619 3560 ἀνθροιίιι·οιιν.υ

549 3578 638 3643 Et
662 3576 894 3643 Latina
914 3575 1104 3641 versio
1131 3573 1379 3641 Budaei.
1417 3571 1717 3640 Gemina
1742 3576 1830 3639 est
1855 3575 2148 3661 praesenti
2173 3576 2318 3641 loco
2349 3597 2618 3661 compa-

548 3677 716 3746 ratio
756 3676 825 3742 in
870 3676 1190 3742 Plutarchi
1238 3679 1498 3765 Fragm.
1547 3678 1654 3742 De
1703 3676 1945 3743 Anima
1984 3680 2038 3743 Ι.
2079 3699 2149 3744 1.
2203 3678 2313 3742 Τὸν
2355 3678 2459 3760 μὲν
2499 3675 2658 3766 γὰρ’

550 3781 758 3864 κόσμον
792 3785 843 3844 οἱ
878 3780 1093 3862 φυσικοὶ
1122 3777 1380 3864 λέγουσιν
1408 3781 1473 3842 ἐκ
1499 3778 1775 3865 τεττάρων
1803 3780 2081 3863 σωμάτων
2111 3780 2336 3868 πρώτων
2373 3780 2580 3863 καὶμε

544 3884 761 3972 γίστοον
788 3884 1167 3971 συνηρτῆσθαι,
1198 3882 1325 3946 κατ’
1350 3879 1620 3945 ἀντίθεσιν
1649 3882 1745 3946 καὶ
1773 3881 2054 3961 ἀντίταξιν
2081 3882 2346 3961 ἀλλήλοις
2373 3880 2485 3946 ἅνω
2517 3883 2617 3946 καὶ

547 3986 705 4052 κάτοο
746 3983 1043 4075 φερομένων
1084 3985 1180 4048 καὶ
1217 3984 1498 4072 ῥεπόντων·
1546 3985 1641 4064 τὴν
1682 3986 1738 4050 δὲ
1775 3983 1979 4051 κακίαν
2007 3986 2104 4051 καὶ
2132 3984 2412 4067 ἀκοσμίαν
2439 3987 2536 4062 τὴν
2563 3986 2618 4046 iv

543 4091 670 4172 ἡμῖν
710 4088 969 4176 τέσσαρα
1006 4087 1151 4167 πάθη
1190 4091 1269 4152 τοὶ
1307 4095 1503 4174 πρῶτα
1544 4091 1678 4152 κινεῖ
1716 4089 1812 4153 καὶ
1857 4087 2090 4176 διαφέροι
2133 4088 2264 4176 πρὸς
2308 4085 2616 4150 τούναντίον

418 4251 427 4259 .
539 4189 801 4266 ἀτάκτως
843 4191 939 4255 καὶ
980 4188 1229 4276 ἀλόγους.
1301 4189 1520 4256 Dione
1547 4211 1611 4276 p.
1639 4191 1789 4277 962.
1820 4190 1915 4256 B:
1953 4192 2018 4255 τὸ
2042 4194 2154 4255 πᾶν
2175 4188 2461 4276 ἡγουμένῳ
2483 4214 2610 4252 πει·

540 4289 750 4374 θόμενον
775 4294 836 4371 ἐξ
861 4289 1143 4376 ἀκοσμίας
1171 4291 1373 4377 κόσμος
1400 4290 1544 4357 ἔστί.
1615 4291 1722 4358 Sic
1747 4291 1818 4358 in
1847 4291 2020 4359 difl'o
2047 4289 2468 4360 Demonaffis
2493 4311 2604 4378 ap.
2658 4323 2676 4346 x
