2850 4817
257 359 360 421 DE
393 357 773 422 FORTUNA
811 359 1369 422 ROMANORUM.
1410 381 1468 442 p.
1495 377 1636 440 3¹7·
1661 361 1934 462 0—318.
1959 363 2027 423 Α.
2123 379 2202 442 95

176 519 391 585 Anton.
412 531 485 586 et
498 519 681 585 Max.
704 541 771 606 p.
796 539 941 603 141.
970 519 1147 608 quod
1174 519 1429 586 Euclidi
1455 519 1828 588 adscribitur
1853 521 1920 588 in
1951 521 2202 590 Arsenii

179 621 403 687 Violeto
428 622 619 688 Titul.
644 611 960 709 Ησύχῐας.
1022 623 1372 704 Caeterum,
1396 623 1748 713 Sibyllinus
1773 625 1982 692 versus
2005 627 2202 692 exstat

178 723 323 808 apud
349 724 747 790 Laciantium
775 724 925 789 Inst.
958 723 1111 790 Div.
1139 727 1295 790 VII.
1332 727 1434 790 16.

247 844 380 909 317.
411 825 485 890 C.
528 825 757 890 Νυνὶὸἔ
730 851 873 909 erpo
911 825 1446 914 δοκῶ-λαφύροις.]
1497 825 1858 894 Arseniua’
1840 851 1905 892 m
1942 827 2204 894 Violeto
2309 863 2318 882 ·

180 927 389 1007 retulit,
432 911 617 1015 cujus
668 926 811 994 loca
868 927 1249 994 Plutarcbea
1302 927 1560 1014 repetiit
1609 928 2055 996 eruditiffimus
2109 931 2203 998 vir

185 1029 317 1096 Chr.
354 1032 529 1097 Fred.
572 1030 875 1098 Matthaei
911 1031 995 1098 ad
1034 1029 1277 1097 calcem
1316 1030 1519 1098 libelli
1545 1032 1654 1099 De
1679 1033 1924 1101 Vitioso
1955 1034 2202 1102 Pudore

184 1154 237 1219 p.
265 1135 392 1199 128.

252 1249 383 1317 317.
411 1234 487 1298 C.
524 1201 719 1298 'Anci
741 1239 837 1311 τῆς
862 1234 963 1317 μὶν
986 1236 1411 1326 Ἀρετῆς-Τῆς
1439 1235 1494 1299 ὃὸ
1520 1234 1741 1322 Τύχης]
1793 1236 1960 1304 Satis
2001 1259 2200 1325 appa-

187 1347 269 1398 ret
301 1335 561 1401 imitatio
596 1335 871 1423 exempli
900 1337 1357 1424 Xenophontei
1384 1337 1467 1402 de
1497 1337 1782 1404 Hercule
1821 1338 2111 1407 Prodicio
2137 1354 2206 1408 et

189 1435 393 1504 duabus
418 1437 476 1502 ei
504 1437 919 1504 suadentibus
945 1440 1248 1505 Deabus·
1231 1485 1248 1504 .
1296 1439 1581 1504 Memor.
1611 1441 1760 1506 Soc.
1791 1442 1882 1508 11.
1915 1463 1978 1524 1,
2011 1462 2117 1511 21.

252 1555 381 1624 317.
403 1541 491 1604 D.
524 1538 751 1628 1’Ἀνὸςες
778 1539 1091 1626 ἄρηΐφατοι]
1144 1539 1361 1628 Odyff.
1390 1545 1471 1606 A.
1501 1561 1611 1624 41.

253 1657 381 1726 317.
410 1643 496 1706 D.
526 1641 1130 1729 Anamoa--Ke'cvaass
1185 1643 1420 1710 Praeter
1449 1656 1672 1712 notata
1695 1645 1762 1712 in
1791 1645 2208 1714 Emendatio·
2239 1615 2251 1624 ⁷
2339 1664 2344 1674 ·

194 1742 366 1824 nibuS,
388 1745 577 1810 etiam
605 1746 752 1812 haec
779 1746 927 1811 sunt
952 1745 1331 1834 corrigenda
1356 1746 1966 1833 Κύριοι-Σκευόλας·
1998 1752 2205 1840 poste-

193 1845 293 1912 rius
316 1848 396 1914 ita
422 1848 578 1913 dant
604 1849 744 1914 Bas.
772 1847 929 1937 Xyl.
961 1849 1141 1913 Mez.
1172 1860 1240 1913 et
1266 1870 1494 1936 margo
1521 1848 1696 1916 Vofl'.
1761 1897 1776 1912 .

259 1967 385 2036 317.
420 1955 496 2016 E.
542 1953 734 2040 Βςιθὺς
778 1950 1267 2038 ὃτλιτοπᾶλας-]
1320 1951 1610 2038 AEschyli
1650 1951 2016 2046 ex=perditp
2059 1953 2206 2022 dra-

196 2065 331 2122 mate
367 2056 567 2120 versus
610 2053 951 2142 aliquoties
993 2053 1229 2119 citatus
1268 2053 1648 2120 Plutarcho:
1693 2053 1798 2120 De
1824 2048 2106 2125 Fortun.
2139 2071 2210 2124 et

197 2153 329 2219 Virt.
358 2156 540 2220 Alex.
571 2156 664 2218 II.
694 2176 763 2242 p.
794 2171 943 2241 354.
975 2157 1065 2222 D.
1138 2155 1455 2222 Cicerone
1483 2177 1551 2242 p.
1583 2155 1730 2240 887.
1761 2153 1840 2220 B.
1875 2147 1884 2156 ⁴
1913 2157 2210 2246 Sympos.

198 2255 268 2319 11.
301 2279 359 2343 p.
386 2261 532 2340 640.
570 2258 659 2322 A.
732 2257 1099 2334 Eustathius
1136 2256 1217 2324 ad
1258 2255 1443 2324 Iliad.
1478 2261 1556 2320 E.
1583 2277 1650 2343 p.
1675 2272 1826 2344 513.
1869 2257 2028 2324 citat
2059 2264 2214 2324 ἀνι-ι-

83 2425 87 2432 ,
198 2356 413 2443 μάχοιο-ι·
456 2359 607 2426 satis
648 2371 787 2424 erat
826 2357 1179 2444 ἀντιμᾶχοις·
1227 2381 1614 2447 quamquam
1653 2356 2002 2439 ἀντιπάλοισι
2049 2382 2214 2448 prae-

200 2458 321 2526 bent
353 2461 478 2527 Pol.
520 2461 777 2527 Schott.
811 2462 854 2526 J
856 2475 1079 2527 annot.
1126 2463 1346 2528 Anon.
1394 2462 1462 2527 in
1507 2459 1857 2528 Harleiano
1890 2473 2065 2528 totus
2101 2463 2210 2530 hic

201 2564 364 2629 versus
398 2565 589 2630 abest.
678 2564 925 2642 Retulit
954 2565 1222 2632 Grotius
1248 2566 1316 2630 in
1340 2567 1646 2653 Excerpt.
1679 2567 1738 2631 T
1736 2587 1874 2653 rag.
1906 2586 1976 2653 p.
2001 2583 2114 2652 55.
2145 2575 2215 2631 et

202 2663 471 2732 Stanleius
499 2667 566 2732 in
601 2669 855 2754 Fragm.
884 2668 1175 2757 AEschyl.
1203 2669 1281 2732 T.
1313 2669 1405 2733 ΙΙ.
1435 2688 1504 2753 p.
1532 2668 1686 2753 650.

261 2785 389 2850 317.
415 2771 491 2833 E.
537 2775 584 2834 οἳ
626 2771 989 2858 Σπαρτιᾶται
1030 2774 1125 2849 τὴν
1165 2768 1512 2857 Ἀφροδίτην]
1560 2769 1712 2834 Hoc
1755 2782 2212 2856 argumentum

201 2868 400 2935 erudite
424 2871 749 2937 illustravit
777 2868 1181 2938 Larcherus
1161 2895 1227 2936 1n
1254 2870 1419 2936 libro
1450 2870 1698 2936 Gallice
1724 2869 1982 2959 scripte,
2009 2870 2212 2944 Com·—

202 2973 545 3040 mentatione
574 2974 655 3039 de
682 2977 958 3056 Venere,
988 2973 1405 3062 M6moiresur
1437 2971 1628 3036 Venus
1654 2994 1721 3059 p.
1745 2973 1892 3040 218.

266 3095 320 3159 p.
324 3070 487 3162 318.
517 3078 605 3142 A.
650 3081 741 3142 Οὔ
781 3105 853 3160 με
828 3079 883 3140 ὲν
919 3080 1035 3163 γὰρ
1078 3076 1302 3154 ἀπευθὴς
1344 3079 1496 3138 κατὰ
1537 3073 1898 3162 Πίνδαρον-
1907 3073 2209 3159 Ἀλκμάν]

204 3174 411 3242 Horum
432 3179 720 3246 locorum
754 3179 945 3245 unica
971 3180 1079 3260 est,
1110 3177 1310 3266 quod
1316 3177 1529 3256 sciam,
1558 3176 1702 3241 haec
1729 3174 1996 3241 mentiO.
2062 3174 2215 3240 Pin-

83 3335 85 3338 ,
206 3275 310 3342 dari
343 3280 605 3346 locum⁰
588 3305 655 3346 m
704 3280 1105 3368 Fragmentis
1148 3278 1504 3345 retulerunt
1545 3276 1970 3344 Schneiderus
2005 3299 2072 3364 p.
2104 3278 2212 3344 82.

83 3367 86 3394 ;
207 3377 451 3467 Heynius
490 3406 557 3470 p.
600 3403 723 3470 95:
772 3381 947 3471 quod
989 3405 1108 3469 pro
1144 3383 1245 3464 μὲν
1290 3385 1405 3469 γὰρ
1449 3383 1674 3458 ἀπευθὴς
1712 3379 1971 3446 exhibet
2013 3378 2216 3446 codex

83 3561 85 3566 .
207 3478 378 3548 Petav.
415 3488 777 3572 μεγαπενθὴς,
819 3485 1065 3550 habent
1104 3504 1362 3571 quoque
1407 3484 1485 3548 B.
1530 3484 1606 3546 E.
1644 3481 1817 3547 Voff.
1845 3484 2107 3548 Jannot.
2137 3504 2218 3546 ex
2329 3509 2342 3520 κ

83 3621 85 3624 >
206 3577 285 3644 his
313 3584 379 3649 B.
416 3601 483 3653 et
519 3585 713 3653 Voff..
737 3585 1117 3674 vulgatam'
1100 3607 1166 3648 m
1196 3584 1484 3671 margine
1508 3593 1746 3670 gerunt
1771 3580 2034 3669 antiqua
2057 3580 2217 3647 item
2309 3611 2317 3615 ·

206 3703 363 3750 manu
382 3713 417 3752 z·
454 3688 699 3754 Harlei.
751 3687 1197 3776 μεγαςοπευθῆς.
1257 3708 1375 3751 nec
1424 3683 1715 3771 displicet
1773 3682 1935 3748 mihi
1990 3682 2220 3749 Rei1kii

207 3784 395 3868 ἀπειθὴς,
426 3803 690 3879 propter
733 3792 997 3877 sequens
1026 3789 1254 3863 Πειθοῦς
1284 3787 1510 3872 ἀδελφή.
1599 3784 1932 3851 Alcmanie
1973 3784 2218 3850 dictum

208 3907 266 3951 ex
286 3889 563 3962 hocloco
592 3896 870 3982 reposuit
901 3892 1157 3960 Fulvius
1182 3891 1484 3958 Urfinus
1466 3915 1532 3956 m
1555 3889 1845 3978 Lyricor.
1873 3891 2127 3976 Fragm.
2149 3910 2218 3975 p.

211 4001 291 4068 72.
316 3991 375 4058 in
401 3996 648 4062 Pindari
686 3997 857 4062 dieto
885 3996 1018 4082 ipse
1046 4016 1302 4082 quoque
1326 3993 1664 4079 μεγαπενθὴς
1689 3991 2014 4070 exhibenS,
2046 3989 2222 4076 quod

210 4101 260 4153 et
280 4094 583 4184 Amyotus
620 4097 831 4164 reddit
866 4095 1081 4162 trouble
1091 4094 1267 4182 fiste.
1354 4094 1506 4160 Alia
1534 4093 1614 4159 ad
1643 4093 1834 4180 hujus
1861 4090 2226 4176 argumenti

210 4192 475 4264 rationem
516 4212 791 4267 annotat
824 4202 913 4266 D.
957 4197 1253 4282 Heinfius
1286 4196 1370 4262 ad
1405 4195 1668 4274 Hesiodi
1698 4202 1850 4284 Εργ.
1882 4194 2084 4278 80.,Ρ.
2114 4191 2224 4256 28.

212 4289 274 4357 de
308 4297 599 4372 Pandora.
688 4306 985 4386 Fortunae
1028 4300 1375 4388 imaginem
1416 4295 1793 4386 descriptam
1831 4315 2044 4382 operae
2074 4313 2234 4381 pre-‚
