2850 4817
463 472 472 481 ἢ
513 406 620 465 42..
791 386 872 445 1).
912 384 1012 445 w.
1052 384 1449 445 AMMADV.
1490 384 1584 443 m
1624 380 2094 481 PLUTARcm
2126 384 2291 479 Lm.

586 569 654 635 p.
689 546 838 615 280.
869 544 958 611 A.
985 543 1122 629 ξζ.]
1157 541 1385 633 Hujus·
1408 541 1793 632 Quaestionis
1821 553 2371 630 argumentumac
2392 542 2645 609 verba

505 648 784 737 reposuit
824 647 892 713 in
936 646 1216 713 Romulo
1241 669 1307 734 p.
1335 666 1446 733 34.
1478 646 1568 712 A.
1599 646 1679 710 B.
1746 645 2037 711 Liaorem
2062 668 2101 709 a
2125 644 2393 733 ligando
2424 646 2638 726 dici,

502 751 701 817 tradit
735 749 994 819 Nouius
1030 746 1386 815 Marcellus
1444 770 1514 836 p.
1555 768 1668 835 51.
1720 760 1790 813 et
1836 744 2111 834 Valgius
2158 748 2363 813 Rufus
2404 748 2635 834 apud

371 922 375 927 ,
506 853 793 947 Gellium
835 852 996 917 XII.
1041 873 1106 939 3.
1151 848 1366 939 eaque,
1396 850 1647 916 caeteris
1690 850 2097 938 probabilior,
2129 873 2401 937 quarum
2431 851 2631 929 dupe

502 956 677 1043 apud
719 955 896 1019 hunc
939 977 1019 1019 ex
1057 953 1312 1019 Tirone.
1337 965 1774 1039 apponuntur.
1861 951 2149 1039 Alligare
2172 964 2229 1015 et
2254 953 2478 1041 ligare,
2509 978 2625 1019 an

505 1056 736 1123 eodem
763 1056 942 1121 sensu
971 1067 1161 1120 aetate
1187 1078 1262 1121 ac
1301 1054 1627 1141 probitate
1656 1053 1973 1133 differant,
2006 1052 2181 1118 haud
2226 1054 2412 1119 facile
2439 1055 2627 1119 dix-
2663 1059 2671 1065 “

503 1157 689 1225 erim.
759 1157 864 1222 De
899 1156 1170 1243 antiquo
1195 1156 1381 1235 ληΐτον
1404 1155 1783 1220 videantur
1766 1178 1831 1219 m
1861 1154 2084 1241 primis
2112 1155 2619 1221 Valckenarius

505 1247 847 1326 Animadv.
903 1258 988 1324 ad
1033 1259 1346 1329 Ammon.
1391 1260 1484 1323 II.
1536 1259 1637 1322 16.
1682 1280 1750 1347 p.
1801 1273 1965 1342 145.¹
1997 1270 2065 1322 et
2118 1257 2447 1323 Piersonus
2500 1256 2615 1323 ad

507 1361 752 1427 Moerin
784 1382 850 1447 p.
885 1372 1034 1445 252.
1067 1360 1196 1446 seq.

593 1465 742 1532 280.
771 1462 850 1527 B.
879 1461 962 1541 ἔνι’
968 1463 1013 1547 .]
1066 1462 1420 1549 Aliquanto
1463 1459 1715 1527 brevius
1760 1462 1884 1543 sed·
1911 1461 2202 1549 pluribus
2251 1460 2412 1529 locis
2452 1460 2609 1527 hoc

504 1574 959 1654 argumentum
989 1562 1364 1649 complexus
1391 1562 1565 1627 estin
1590 1562 1869 1643 Romulo
1889 1585 1959 1651 p.
1985 1582 2096 1649 31.
2128 1565 2208 1643 B,
2236 1565 2313 1628 E.
2357 1564 2605 1629 Numa

506 1691 576 1757 p.
607 1682 712 1753 72.
741 1669 820 1731 E.
865 1668 970 1731 De
997 1664 1457 1751 Lupercalibus
1484 1664 1723 1731 multa:
1754 1668 1879 1730 ‘nec
1902 1680 2121 1731 tamen
2146 1664 2364 1731 omnia
2382 1650 2597 1753 hujus

508 1769 888 1859 Quaestionis
915 1768 1126 1855 capita
1153 1766 1645 1855 pertractarunt.
1722 1769 1753 1832 Ι
1758 1771 1805 1832 ιι
1828 1768 2023 1833 verbo
2044 1768 2303 1862 φςβςᾶριν
2331 1767 2597 1833 videtur

507 1870 876 1960 significatio
903 1870 1094 1935 ineffe
1117 1870 1289 1935 verbi
1315 1869 1628 1934 verberare
1632 1896 1661 1949 ,0
1694 1881 1770 1933 ut
1792 1868 2177 1960 etfebruarp,
2208 1868 2413 1956 (quod
2432 1870 2587 1934 No·-

507 1976 651 2041 nius
678 1996 744 2062 p.
783 1994 811 2038 1
826 1993 930 2056 14,
956 1972 1050 2039 ait
1079 1972 1328 2061 positum
1359 1987 1727 2061 propurgare
1760 1984 1831 2037 et
1870 1972 2227 2060 purqfacere)
2267 1984 2336 2037 ct
2374 1972 2579 2037 verbe-

505 2101 642 2143 rare
682 2098 722 2141 a
762 2074 1102 2141 Plutarcho
1137 2074 1451 2160 referatur
1489 2073 1576 2138 ad
1616 2073 1784 2139 illud
1821 2073 1994 2159 quod
2036 2074 2223 2139 initio
2251 2073 2409 2139 dixit
2436 2075 2579 2139 καθ-

509 2180 796 2261 ικνούμενοι
840 2176 1030 2241 σκότει
1073 2184 1180 2240 τῶν
1222 2175 1609 2254 ἀπαντώντων,
1655 2187 1724 2239 et
1764 2174 2077 2261 repetitur
2118 2187 2495 2261 corruptum
2530 2190 2581 2239 'a

507 2280 802 2357 librariiS,
822 2280 886 2341 τὸ
914 2285 1021 2341 τῶν
1047 2284 1262 2340 σκυτῶν
1281 2276 1388 2353 ἤθει
1410 2276 1799 2355 καθικνεῖσθαι,
1826 2290 1895 2341 et
1920 2276 2371 2363 corrigendum
2396 2276 2491 2341 vel
2510 2278 2577 2341 τὸ

507 2389 614 2446 τῶν
641 2378 1000 2445 ἀπαντώντων
1041 2376 1232 2439 σκύτει
1277 2376 1662 2439 καθικνεῖσθαι·
1706 2376 1804 2441 vel
1831 2379 1895 2440 τὸ
1927 2375 2119 2442 ἄλλων
2147 2378 2340 2442 σκότει
2378 2382 2431 2441 ἓν
2470 2378 2577 2455 ἤθει

509 2480 895 2557 καθικνεῖσθαι,
925 2476 1068 2541 alios
1111 2476 1226 2539 loro
1259 2492 1369 2565 per
1378 2478 1579 2566 jocum
1604 2478 1932 2543 verberare.
1964 2479 2059 2555 fic¹
2077 2484 2131 2543 ἐν
2156 2480 2262 2558 ἤθει
2292 2480 2581 2566 usurpari

368 2630 408 2675 -,
507 2581 950 2650 annotavimus
991 2600 1059 2665 p.
1107 2598 1211 2647 2ο.
1259 2582 1334 2644 Ε.
1394 2595 1502 2664 72.
1546 2579 1623 2645 Β.
1674 2596 1781 2667 73.
1816 2584 1887 2647 F.
1957 2581 2084 2648 Sed
2112 2580 2580 2647 emendationis

506 2685 820 2752 rationem
863 2705 993 2748 non
1037 2680 1405 2757 statuimus:
1453 2683 1876 2769 correptelam
1914 2683 2153 2749 subeffe
2187 2696 2365 2749 certo
2389 2697 2578 2769 tene-

509 2810 680 2855 mus·
764 2786 869 2851 De
897 2805 1057 2848 cane
1085 2782 1343 2848 victima
1372 2785 1655 2850 Hecates
1676 2784 1953 2849 diximus
1971 2786 2215 2873 Quaest.
2248 2789 2437 2852 Rom.
2460 2784 2579 2863 ιβ’.

510 2886 916 2952 Vocabulum
948 2886 1459 2972 περισκυλακισμός
1501 2885 1569 2949 in
1612 2886 1839 2951 eadem
1876 2908 1944 2951 re
1987 2886 2269 2973 ponitur,
2315 2886 2381 2951 in
2424 2885 2581 2952 Vita

513 2988 772 3057 Romuli
799 3010 867 3075 p.
896 3008 1008 3115 31.
1038 2988 1121 3052 Ε.
1147 3001 1218 3052 et
1246 2986 1527 3075 pertinet
1559 2988 1691 3053 huc
1721 2988 2099 3054 Scholiastes
2126 2987 2454 3055 Theocriti
2481 2990 2577 3054 II.

517 3113 746 3260 η280.
782 3192 864 3259 C.
891 3190 1021 3279 202]
1070 3193 1276 3258 Varro
1311 3193 1416 3258 De
1456 3164 1649 3280 Ῑ..ἱιι3.·
1692 3188 1851 3259 Lat
1868 3191 1955 3259 V.
1973 3214 2055 3279 p.
2083 3213 2193 3279 49.
2268 3192 2528 3258 Festus
2511 3216 2580 3257 m

517 3292 980 3459 Septimorgium.

599 3396 838 3463 280.Ἑῖ
839 3393 934 3459 ,ὀ
937 3395 986 3479 .]
1035 3393 1350 3461 Geminus
1393 3397 1481 3461 est
1525 3395 1851 3461 Plutarchi
1890 3396 2137 3462 locus
2116 3420 2184 3460 ιιι
2232 3354 2578 3463 Coriolano

511 3521 580 3586 p.
631 3498 907 3583 2251).
957 3497 1072 3561 ubi
1118 3498 1205 3563 est
1254 3498 1547 3587 στῆςιγμα
1595 3499 1811 3584 prouti
1852 3498 1977 3565 hoc
2026 3499 2173 3566 loco
2224 3500 2577 3589 legendum

511 3601 766 3669 monuit
790 3600 856 3665 in
883 3602 1077 3669 Notis
1105 3602 1456 3689 Xylander,
1489 3616 1557 3667 et
1586 3602 1745 3668 item
1774 3602 2013 3669 edidit:
2062 3626 2212 3669 nam
2242 3604 2400 3683 Ald.
2434 3605 2597 3671 Bas.-

508 3703 684 3771 Voff.
731 3703 972 3769 habent
1015 3695 1286 3792 στῆξητα,
1321 3704 1501 3790 quod
1542 3704 1729 3768 nihili
1771 3706 1896 3770 est.
1880 3732 1895 3747 ·
1941 3706 2233 3771 Venetus
2260 3733 2418 3793 στηρι
2402 3708 2575 3772 ι.κτίι
2559 3732 2576 3749 ·

511 3792 580 3873 at
619 3804 911 3892 στῆςιγγα
947 3826 986 3868 a
1023 3804 1352 3891 Stephano
1393 3805 1504 3884 est,
1549 3806 1726 3892 quod
1761 3818 1829 3869 et
1862 3828 2087 3895 margo
2124 3808 2297 3873 Voff.
2334 3809 2473 3889 dat,
2506 3820 2582 3873 et

489 3910 594 3989 .E,
633 3909 723 3989 H,
753 3906 1056 3993 fiquidem
1087 3905 1159 3971 hi
1195 3906 1412 3973 collati
1450 3929 1603 3973 cum
1648 3908 2086 4003 Stephaniano
2127 3910 2447 3998 exemplo,
2490 3910 2581 3975 nil

511 4008 866 4075 attulerunt
887 3994 1228 4073 varietatis·
1285 4008 1653 4096 Stephanus
1684 4022 1901 4075 tamen
1932 4010 1997 4074 in
2027 4010 2215 4076 Thes.
2245 4013 2326 4076 L.
2346 4012 2478 4077 Gr.
2498 4012 2579 4077 T.

490 4110 572 4173 .1.
597 4129 667 4233 p.
703 4110 890 4174 1811.
919 4109 999 4174 B.
1028 4107 1497 4196 propemodum
1526 4111 1837 4197 στῆρνγμα
1832 4111 2111 4198 probare
2138 4111 2413 4176 videtur.
2486 4112 2587 4177 At

512 4210 804 4295 πήριγγα
843 4220 1066 4275 tuetur
1105 4210 1184 4274 T.
1229 4210 1739 4276 Hemsterhufius
1794 4212 1879 4277 ad
1924 4212 2252 4279 Pollucem
2295 4214 2383 4277 X.
2431 4227 2579 4297 157.

515 4311 636 4376 Pm
665 4311 1122 4398 ἀπεγνωσμὲνους
1165 4312 1505 4403 desperatos,
1542 4311 1764 4379 malim
1790 4312 2274 4402 κατογνώσμένους
2316 4316 2581 4382 conchu-
