2850 4817
549 291 665 372 296
1310 291 1844 372 ,PR-mrum.

546 459 809 530 carunt,
838 467 989 514 eum
1026 447 1141 536 qui
1166 469 1250 515 ex
1290 448 1611 516 veteribus
1646 470 1852 514 uuum
1889 445 2138 536 legifl‘et
2179 447 2616 530 Plutarchum,

546 551 658 618 sed
698 551 985 642 cogitate
1018 550 1460 640 meditateque
1495 551 1766 640 legifl‘eu
1793 561 2048 616 tantam
2071 573 2288 616 rerum
2318 552 2616 638 praestan·

548 653 923 720 tiffimarum
959 651 1401 740 cognitionem
1445 665 1664 718 mente
1701 650 2270 740 comprehendiss‘e,
2299 665 2382 718 ut
2412 649 2618 717 omni-

548 776 667 820 um
694 754 998 820 consensu
1025 751 1307 829 hominia
1336 753 1571 820 eruditi
1603 775 1841 820 nomen
1871 753 2040 820 tueri
2065 753 2270 840 poffit.
2365 756 2370 760 '

638 855 763 920 His
800 853 1127 920 Plutarchi
1166 854 1468 921 laudibus
1485 841 1490 852 ’
1507 875 1659 922 cum
1687 856 1770 921 ab
1797 854 2063 921 ineunte
2097 867 2292 920 aetate
2319 852 2486 920 mihi
2511 875 2617 920 au-

548 977 651 1022 res
691 957 1122 1043 personarent,
1150 956 1401 1024 contuli
1433 979 1540 1022 me
1581 957 1664 1022 ad
1699 955 1837 1046 ejus
1869 955 2238 1036 le'8tionem,
2268 979 2470 1045 quam
2497 957 2616 1042 pri-

552 1079 738 1122 mum
788 1079 871 1122 eo
910 1057 1203 1144 perveni,
1242 1070 1321 1124 ut
1365 1057 1498 1146 ipse
1538 1058 1786 1146 aliquid,
1825 1057 1910 1124 de
1955 1059 2058 1124 his
2101 1058 2304 1124 literis
2333 1057 2618 1145 judicare

554 1157 815 1244 pofl'cm.
903 1157 1037 1223 Hic
1072 1181 1221 1224 vero
1262 1181 1395 1246 quo
1431 1160 1745 1247 majorem
1790 1159 1924 1248 ipse
1964 1159 2294 1246 capiebam
2333 1159 2614 1243 volupta-

557 1271 827 1338 tem,*eo
861 1258 1071 1346 magis
1106 1257 1406 1326 dolebam
1451 1260 1614 1326 adeo
1647 1260 1865 1348 inique
1905 1272 2350 1347 comparatum
2381 1259 2526 1337 effe,
2551 1271 2618 1322 ut

554 1359 843 1448 plerique
870 1359 1101 1426 eodem
1123 1360 1442 1428 suavitatis
1469 1361 1687 1429 fructu
1715 1383 1930 1428 carere
1957 1374 2372 1449 cogerentur.
2461 1361 2617 1426 Quae

558 1462 887 1530 calamitas
914 1481 995 1526 ex
1021 1461 1265 1549 duplici
1296 1463 1688 1550 potiflimum
1716 1465 1905 1530 causa
1929 1464 2084 1534 oriri
2109 1463 2383 1528 videtur.
2459 1464 2613 1528 Cum

556 1563 730 1630 enim
769 1561 901 1630 duo
932 1563 1051 1630 fint
1088 1563 1502 1653 scriptionum
1526 1587 1765 1658 genera
1793 1564 2145 1646 Plutarchi,
2174 1565 2474 1643 alterum,
2499 1583 2617 1650 quo

556 1684 943 1754 magnorum
972 1665 1253 1732 virorum
1278 1665 1541 1754 ingenia
1567 1667 1908 1754 descripsit,
1938 1667 2236 1746 alterum,
2257 1686 2392 1754 quo
2413 1665 2614 1753 philo·

557 1767 848 1854 sophicas
888 1769 1261 1856 quaestiones
1300 1769 1624 1851 tractavit,
1663 1781 1733 1835 et
1773 1769 2134 1836 doctrinam
2177 1769 2260 1834 de
2295 1768 2444 1838 vim
2483 1789 2610 1832 mo·

553 1891 829 1958 rumque
855 1869 1101 1937 ratione
1128 1869 1426 1950 tradidit3
1455 1871 1584 1937 hoc
1613 1870 1922 1959 temporis
1960 1870 2192 1958 injuria
2217 1883 2428 1936 tantas
2455 1870 2615 1936 labeo

558 1973 1075 2062 corruptelasque
1117 1973 1415 2061 suscepit,
1451 1986 1531 2041 ut
1573 1993 1808 2062 magna
1844 1975 1980 2063 ejus
2018 1995 2166 2062 pars
2197 1973 2473 2060 intelligi
2507 1975 2608 2036 ne·

413 2119 423 2126 -
558 2085 794 2162 queat3
852 2093 1131 2164 cumque
1182 2075 1482 2142 ducentis
1533 2089 1600 2141 et
1643 2075 2114 2164 quinquaginta
2159 2075 2396 2140 abhinc
2446 2072 2610 2138 annis

559 2192 691 2242 non
738 2177 808 2242 fit
848 2177 1124 2258 editum,
1148 2177 1289 2264 jam
1332 2175 1466 2243 fere
1501 2177 1804 2264 ignotum
1844 2175 1978 2242 fieri
2009 2177 2210 2264 coepit
2227 2202 2250 2242 ι
2293 2175 2454 2242 illud
2479 2197 2608 2240 vero

561 2290 714 2344 ante
757 2277 879 2344 hoa
918 2278 1185 2368 triginta
1225 2298 1429 2344 annos
1463 2278 1540 2353 „in
1583 2278 1828 2367 Anglia
1865 2279 2114 2352 editum
2158 2278 2418 2368 quidem
2461 2278 2542 2342 est
2577 2299 2610 2340 a

560 2379 748 2446 Mose
786 2379 1047 2460 Solan0,
1085 2379 1192 2446 sed
1227 2378 1556 2468 splendide
1577 2380 1797 2468 potius
1823 2401 2019 2470 quam
2048 2380 2405 2446 emendate.
2486 2381 2608 2445 De-

560 2480 714 2546 inde
755 2479 854 2547 vel
896 2480 978 2548 fic
1018 2496 1367 2569 utrumque
1406 2503 1616 2570 genus
1661 2482 1824 2549 adeo
1865 2503 2079 2548 rarum
2118 2483 2363 2549 factum
2401 2483 2506 2562 est,
2545 2492 2612 2545 ut

559 2581 887 2669 saepiffime
924 2605 1007 2648 ne
1048 2582 1328 2648 maximo
1370 2582 1633 2669 quidem
1673 2584 1882 2670 pretio
1923 2595 2351 2671 comparetur.
2435 2571 2609 2648 Unde

562 2683 663 2763 fit,
703 2695 779 2748 ut
823 2682 1151 2749 Plutarchi
1192 2702 1323 2748 non
1367 2683 1478 2748 nifi
1523 2705 1762 2750 nomen
1805 2685 2123 2765 audiatur,
2153 2685 2352 2751 libri
2320 2707 2462 2772 Jam
2493 2683 2608 2748 fere

560 2783 903 2850 hominum
946 2783 1246 2850 notitiam
1288 2784 1626 2874 effiigiant,
1670 2786 2016 2852 laudentur
2055 2788 2138 2855 ab
2178 2785 2608 2865 omnibus‚1e-

562 2897 802 2976 gantur
827 2908 868 2951 a
890 2885 1295 2972 paucissima

648 2987 864 3076 Quam
906 2984 1198 3074 injustam
1239 2985 1472 3052 sortem
1511 3007 1666 3054 cum
1707 3009 1966 3054 mecum
2001 2987 2308 3068 dolerem,
2334 2988 2607 3077 indigne-

561 3105 689 3178 ·que
730 3088 989 3167 ferrem,
1025 3087 1419 3174 scriptorem,
1449 3088 1635 3176 cujus
1671 3089 2028 3176 praestantia
2064 3089 2310 3156 nemini
2335 3113 2462 3156 non
2489 3091 2609 3155 affi-

565 3189 693 3256 dua
743 3187 1019 3255 leffione
1067 3188 1332 3276 cognita
1380 3190 1760 3276 penitusque
1796 3191 2124 3278 perspecta
2163 3192 2290 3257 effe
2337 3191 2612 3272 debehat,

563 3303 757 3358 tanta
770 3289 983 3376 premi
1006 3291 1413 3358 tenebrarum
1446 3291 1780 3377 iniquitate
1791 3315 1814 3371 ς
1845 3293 2130 3382 cogitare
2154 3315 2414 3360 mecum
2441 3294 2611 3380 coepi,

560 3415 645 3460 an
684 3393 850 3458 forte
885 3410 1032 3456 mea
1065 3413 1263 3480 opera
1287 3393 1371 3458 ad
1394 3393 1720 3480 pristinum
1751 3394 2146 3482 splendorem
2175 3396 2457 3462 revocari
2482 3397 2611 3484 pos-

562 3495 683 3562 set.
768 3493 1095 3573 Arduum,
1154 3496 1384 3577 fateor,
1439 3517 1602 3584 opus
1653 3508 1724 3562 et
1771 3497 2065 3563 difficile!
2133 3498 2314 3586 Quid
2355 3498 2610 3587 quaeris?

561 3596 827 3664 Auderc
868 3596 1275 3684 coepi.-Sed
1310 3596 1697 3685 ingredienti
1730 3598 1800 3664 in
1846 3599 1972 3665 hoc
2015 3599 2288 3686 spatium
2327 3621 2478 3665 cum
2513 3621 2612 3664 ne-

561 3699 724 3766 cefl'e
764 3697 1087 3766 videretur
1120 3697 1412 3766 libellum
1453 3698 1734 3787 aliquem
1781 3699 2107 3766 Plutarchi
2137 3701 2340 3766 veluti
2360 3703 2615 3788 γεύματος
2759 3801 2761 3812 ¹

558 3801 735 3888 χάριν
776 3800 990 3882 edere,
1020 3799 1222 3867 ‘incidi
1256 3801 1426 3866 forte
1453 3800 1519 3867 in
1549 3800 1787 3868 librum
1823 3804 1928 3867 De
1967 3802 2119 3868 Sera
2151 3801 2434 3868 Maminis
2480 3803 2612 3873 Vm-

560 3905 750 3969 dina.
835 3905 1037 3970 Erant
1064 3901 1326 3991 quidem
1354 3917 1423 3972 et
1451 3903 1833 3970 amoeniores
1857 3904 2009 3988 libri
2035 3917 2104 3970 et
2127 3905 2242 3992 qui
2269 3906 2508 3973 criticae
2531 3906 2613 3970 fa-

554 4002 793 4071 cultati
838 4005 1145 4093 majorem
1190 4004 1557 4091 praeberent
1598 4005 1976 4072 excurrendi
2017 4027 2366 4094 campum3
2418 4029 2614 4074 verum

564 4117 695 4170 'non
736 4127 977 4186 meam,
1016 4103 1125 4170 sed
1173 4103 1501 4169 Plutarchi
1535 4118 1604 4171 et
1628 4105 1902 4172 aliorum
1929 4129 2067 4174 rem
2090 4108 2200 4174 hic
2229 4109 2340 4196 a&
2365 4109 2616 4174 arbitra-

457 4234 466 4242 ·
552 4205 705 4290 ¹⁴bau·-
788 4207 959 4272 Nam
994 4207 1111 4270 live
1135 4219 1590 4291 argumentum
1621 4206 1885 4294 spe&e8,
1910 4208 2166 4275 nullum
2198 4211 2406 4296 majus
2430 4210 2618 4298 gravi·
