2850 4817
593 323 685 397 3⁶
729 349 736 357 -
885 320 964 378 n.
1006 319 1103 411 W·
1147 318 1541 377 AmMAnv.
1578 320 1675 383 „m
1718 318 2189 385 PLo'rAneffl
2230 319 2386 384 Lm
2446 314 2451 319 ·

605 502 799 547 onem
841 478 1013 544 Cass.
1059 478 1410 545 XXXVII.
1452 494 1557 561 27.
1626 470 1837 545 Miror
1868 478 2247 547 Ciceronem
2263 477 2341 543 in
2370 476 2553 549 libris
2582 478 2711 545 De

602 565 1014 649 Divinatione
1041 579 1210 645 hanc
1235 602 1367 645 rem
1402 580 1874 665 praetermififfe.

691 698 842 768 273.
870 684 949 745 E.
977 680 1061 746 λθ’
1070 684 1116 768 .]
1166 684 1272 747 De
1317 681 1588 747 Catonis
1630 681 1888 768 epistola
1930 681 2159 747 diserte
2200 680 2416 767 prodit
2453 680 2705 747 Cicero

599 783 1446 871 0ffi0.1.11.Ch1-ysantae
1476 783 1721 851 hoium
1750 784 1946 848 exstat
1972 783 2147 869 apud
2176 783 2697 869 Xenophontem

609 886 956 975 Cyropaed.
999 888 1116 952 IV.
1149 907 1215 972 p.
1249 886 1354 971 87.
1383 900 1451 951 et
1468 888 1608 973 jam
1636 885 1995 951 notavimus
2024 885 2211 970 supra
2239 906 2304 970 p.
2306 878 2487 969 236.
2518 886 2601 951 E.

691 1012 758 1079 p.
791 1008 938 1073 274.
971 989 1056 1053 A.
1085 986 1198 1074 μ’.]
1254 987 1617 1075 Religiones
1650 987 1925 1054 Flamini
1948 986 2127 1073 Diali
2152 986 2477 1073 imposstas
2500 1010 2694 1053 com-

604 1092 821 1181 plures
865 1114 944 1155 ex
989 1090 1182 1157 Fabio
1229 1090 1475 1156 Pictore
1514 1102 1582 1155 et
1608 1090 1914 1155 Maffurio
1942 1090 2181 1155 Sabino
2212 1089 2403 1153 refert
2436 1089 2699 1157 Gellius

607 1197 697 1260 X.
727 1212 836 1280 15:
877 1217 955 1258 ex
983 1194 1110 1257 hoc
1138 1214 1332 1257 unam
1363 1214 1515 1257 cum
1546 1193 1855 1280 praesente
1882 1191 2029 1257 loco
2060 1191 2513 1279 eonjunRtam:
2562 1194 2695 1257 Tu·-

603 1298 794 1363 nicam
834 1297 1098 1361 intimam
1125 1295 1234 1381 nisi
1265 1295 1330 1359 in
1369 1294 1502 1369 locis
1516 1296 1711 1373 zecris,
1734 1320 1854 1359 non
1880 1294 2061 1375 exuit,
2088 1319 2161 1358 ne
2179 1294 2300 1381 sub
2324 1294 2491 1371 eccla,
2524 1307 2695 1359 tam-

605 1400 923 1489 quamsub
963 1398 1134 1463 oculis
1171 1398 1339 1463 Jovis
1379 1400 1571 1462 nudus
1589 1399 1683 1483 stt
1700 1424 1721 1462 .·
1765 1420 1844 1463 ex
1878 1398 1991 1463 illo
2026 1398 2237 1484 plures
2260 1422 2281 1461 τ
2324 1397 2498 1484 Equo
2527 1398 2692 1463 Fla-

603 1504 813 1568 minem
855 1502 1102 1567 Dialem
1141 1500 1282 1583 vehi
1321 1500 1531 1587 religio
1568 1500 1861 1587 este-De
1906 1524 1963 1563 eo
2010 1500 2151 1565 Ιεὲἶο
2186 1500 2512 1564 ίνὶηαὲἶὶηηι
2550 1526 2697 1565 con·-

519 1630 525 1635 ·
605 1606 834 1670 tinuum
861 1629 974 1668 non
1000 1604 1489 1669 decubat.—-Sine
1530 1606 1686 1691 apice
1703 1604 1822 1691 sub
1864 1604 2001 1668 divo
2038 1606 2164 1690 ff,
2202 1603 2419 1669 licitum
2444 1628 2559 1669 non
2584 1602 2693 1688 est.

602 1708 1016 1775 Detrimenta
1043 1706 1314 1773 Graeciae
1341 1730 1420 1771 ex
1444 1707 1647 1772 nimio
1675 1707 1973 1794 palaestrae
2004 1706 2207 1772 studio
2228 1706 2595 1772 notavimus
2618 1730 2692 1793 p.

609 1810 675 1874 8.
706 1811 806 1875 D:
855 1813 1200 1897 ξηραλοιφεῖν
1229 1808 1633 1895 exposuimus
1646 1830 1725 1895 ·p.
1764 1828 1909 1893 152.
1941 1810 2031 1874 D.

693 1928 843 1997 274.
875 1913 957 1976 E.
987 1940 1112 1994 μοι.
1072 1911 1140 1997 ’.]
1189 1914 1292 1976 De
1333 1911 1693 1975 Nummis
1676 1912 1977 1997 imagine
1970 1909 2289 1975 bifrontis
2316 1910 2457 1976 Jani
2476 1909 2693 1997 infig-

477 2090 490 2093 ,
603 2014 759 2080 nitis
787 2014 1057 2081 Ovidius
1082 2015 1240 2079 Fast.
1274 2016 1328 2079 I.
1363 2034 1513 2101 230.
1564 2014 1803 2079 Plinius
1838 2017 1927 2079 H.
1963 2016 2053 2079 N.
2073 1991 2397 2078 XXXIII.
2416 2035 2491 2096 4.
2524 2013 2695 2079 Nota

607 2116 888 2205 aerisficit
913 2142 984 2182 ex
1003 2117 1194 2181 altera
1212 2130 1386 2205 parte
1404 2119 1597 2182 Janus
1607 2118 1899 2204 geminust,
1922 2142 1991 2182 ex
2008 2118 2203 2181 alte-m
2222 2116 2454 2203 rostrum
2474 2117 2691 2181 navis:

603 2222 672 2285 in
713 2221 918 2285 triente
949 2245 1082 2285 vero
1124 2232 1178 2284 et
1219 2222 1549 2307 quadrante
1588 2232 1765 2283 rates.
1854 2220 2228 2285 Macrobius
2266 2221 2400 2284 Sat.
2430 2219 2484 2283 I.
2518 2235 2582 2303 7.
2616 2243 2688 2307 p.

608 2341 768 2406 217:
817 2323 940 2387 Hic
977 2324 1162 2410 igitur
1194 2324 1410 2399 chnm,
1451 2346 1575 2385 cum
1604 2322 1935 2388 Saturnum
1962 2322 2135 2408 claffi
2160 2329 2493 2409 pervectum
2522 2346 2686 2386 exce·-

603 2424 769 2511 pifflt
809 2424 1062 2511 hffpitio,
1107 2436 1162 2486 et
1203 2423 1279 2487 ab
1319 2448 1378 2487 eo
1423 2426 1643 2486 edoctus
1682 2425 1955 2511 peritiam
2001 2426 2155 2488 ruris
2174 2424 2382 2511 ferum
2425 2424 2593 2489 illum
2631 2437 2693 2489 et

603 2528 808 2591 rudem
845 2538 980 2589 ante
997 2527 1218 2613 finges
1257 2526 1511 2613 cognitas
1548 2526 1771 2591 viil-ium
1811 2528 1875 2591 in
1914 2528 2117 2591 melius
2157 2528 2474 2615 reelegiffbt,
2515 2527 2692 2615 regni

603 2634 732 2692 eum
735 2627 1010 2713 societate
1035 2628 1382 2691 muneravit.
1446 2629 1593 2691 Cum
1618 2629 1837 2715 primus
1866 2653 2083 2716 quoque
2110 2653 2245 2712 arra¹
2249 2630 2534 2717 signaret,
2556 2654 2683 2693 ser-

603 2728 782 2792 vavit
807 2741 864 2791 et
889 2728 954 2791 in
977 2730 1074 2792 hbe
1101 2728 1350 2793 Saturni
1375 2730 1778 2809 reverentiam,
1800 2744 1869 2794 ut
1892 2731 2161 2818 quoniam
2190 2730 2295 2794 ille
2320 2732 2469 2793 navi
2466 2728 2689 2817 fite-rat

603 2831 906 2907 acimaas,
945 2854 1015 2893 ex
1055 2854 1179 2893 una
1227 2830 1455 2917 quidem
1500 2843 1671 2919 parte
1689 2832 1796 2917 sici
1838 2832 2039 2919 capitis
2086 2831 2327 2917 effigies,
2372 2856 2441 2895 ex
2490 2830 2686 2895 altera

603 2955 740 2996 vero
785 2932 959 2996 navis
1007 2933 1456 3021 exprimeretur3
1518 2960 1629 3021 quo
1676 2936 1921 3001 Saturni
1960 2936 2289 2999 memoriam
2330 2935 2417 2997 ad
2444 2934 2686 3021 posteros

593 3046 970 3122 propagaret.
1045 3035 1418 3101 Lad³tantius
1464 3036 1665 3101 Instit.
1712 3037 1861 3102 Div.
1907 3039 1961 3101 Ι.
2007 3054 2107 3122 13
2152 3054 2215 3120 7.
2267 3036 2451 3100 item
2468 3047 2689 3100 narrat

606 3134 818 3200 Ovidii
860 3137 1070 3201 versus
1112 3158 1469 3223 apponenS.
1557 3137 1857 3219 Addatur
1882 3138 1987 3202 his
2018 3139 2279 3201 Dracon
2320 3136 2686 3223 Corcyreus

603 3236 780 3321 apud
808 3238 1202 3303 Athenaeum
1233 3240 1383 3303 XV.
1416 3260 1484 3325 p.
1516 3242 1665 3325 692.
1700 3240 1783 3304 C.
1857 3241 1961 3304 De
2004 3238 2311 3304 Nummi's
2354 3238 2683 3324 pecudum

603 3337 1063 3425 fignonota'tiS,
1089 3341 1576 3430 nominibusque
1604 3342 1985 3409 familiarum
2008 3365 2047 3407 a
2068 3342 2395 3427 pecudum
2420 3341 2685 3405 nomine

605 3435 838 3519 (Ιιιὲὶὶε,
861 3434 1162 3527 geminus'
1191 3443 1278 3506 est
1304 3443 1489 3508 locus
1510 3443 1847 3509 ‘Plutarchi
1878 3444 1943 3509 in
1977 3443 2304 3509 Publicola
2332 3464 2400 3527 p.
2429 3462 2576 3528 103.
2602 3442 2681 3507 B.

689 3562 758 3628 p.
792 3558 940 3628 275.
969 3545 1056 3609 A.
1083 3544 1240 3629 μβ’.]
1289 3547 1377 3611 Et
1414 3545 1607 3633 hujus
1644 3546 2027 3611 Quaestionis
2054 3544 2317 3631 gemina
2344 3545 2429 3608 est
2458 3566 2678 3609 narra·-

603 3641 796 3708 tioin
828 3644 1154 3711 Publicola
1179 3668 1244 3735 p.
1285 3667 1426 3733 103.
1459 3649 1699 3714 A-D.
1766 3647 2121 3735 Singularis
2150 3648 2237 3712 est
2262 3646 2404 3710 haeo
2432 3644 2682 3711 mentio

601 3746 888 3811 versuum
913 3748 1320 3814 Antimachi:
1353 3749 1418 3813 in
1451 3750 1683 3836 quibus
1710 3766 1967 3837 poetam
1994 3751 2075 3814 ab
2101 3761 2368 3813 auctore
2398 3744 2681 3813 Hefiodo

604 3848 944 3935 Theogon.
994 3851 1139 3929 160,
1187 3851 1575 3935 profetfhlm,
1626 3864 1693 3915 et
1738 3873 1859 3937 pro
1903 3849 2107 3937 λέχριε·
2126 3852 2131 3858 “
2150 3849 2400 3915 fortasse
2444 3847 2678 3934 λέχρια,

467 3968 470 3975 “
601 3949 704 4015 vel
731 3950 952 4036 λέχρις,
977 3973 1126 4015 cum
1156 3952 1312 4038 Xyl.
1340 3977 1410 4017 ex
1440 3950 1681 4040 obliqzw,
1704 3978 1775 4017 ex
1802 3954 2146 4042 transverso,
2176 3951 2527 4040 legendum
2558 3949 2680 4016 effe

601 4051 859 4119 monuit
881 4052 1328 4117 eruditissimus
1350 4054 1617 4141 scriptor
1640 4056 1783 4121 libri
1814 4058 1919 4121 De
1942 4055 2321 4121 Antimachi
2348 4052 2676 4140 Reliquiis,

501 4197 506 4204 -
601 4150 760 4218 editi
787 4152 976 4219 Halae
1006 4154 1152 4218 Sax.
1183 4177 1244 4219 a.
1276 4155 1923 4223 MDCCLXXXNI.
1954 4158 2163 4221 forma
2188 4156 2431 4222 osiam.

687 4240 838 4340 275·
867 4254 946 4321 B.
973 4254 1136 4341 472]
1167 4258 1323 4325 Huc
1353 4256 1668 4324 referatur
1693 4257 1857 4325 inud
1876 4257 2050 4325 Livii
2080 4259 2287 4326 XLV.
2324 4277 2445 4343 ιδ.
2490 4223 2688 4321 Mas?
