2850 4817
564 369 689 454 316
846 373 926 433 D.
967 373 1066 433 W.
1109 373 1508 433 ANIMADV.
1547 375 1641 434 IN
1681 323 2156 435 PLUTARCHI
2195 377 2358 438 LIB.

562 531 975 598 fimilitudine
1003 555 1043 597 a
1068 531 1335 599 canibus
1359 532 1673 600 destlmta·
1731 533 1838 599 Sic
1864 533 2190 622 'Aristoph.
2219 537 2364 600 Pac.
2395 535 2484 601 vs.
2511 538 2655 624 638.

562 635 647 728 'de
675 635 1274 702 calumniatoribus=

815 775 906 788 -—
928 743 1080 822 ὑμεῖς
1106 744 1298 803 τοῦτον
1324 737 1507 828 ὥσπερ
1539 739 1722 805 κυνίδι’
1754 741 2158 826 ἐσπαράττετε.
2183 727 2198 732 ,

560 840 853 906 Acharn.
883 841 968 905 vs.
1003 841 1153 906 688.
1194 841 1275 906 de
1302 841 1815 908 adolescentibus
1843 844 2254 910 contentiosis
2285 842 2560 922 dicitur,
2590 853 2650 907 ut

558 965 601 1008 a
639 941 904 1008 Platone
940 943 1104 1030 Rep.
1135 943 1213 1007 L.
1243 943 1403 1009 VII.
1446 964 1510 1029 p.
1538 965 1694 1031 490.
1718 945 1810 1009 D.
1839 945 2179 1033 Υχαῖροντες
2204 944 2389 1032 ὥσπερ
2421 945 2646 1024 σκυλά-

560 1071 682 1126 κια,
703 1046 783 1132 τῷ
806 1043 983 1110 ἕλκειν
1010 1071 1071 1110 τε
1099 1045 1196 1109 καὶ
1221 1046 1562 1131 σπαράττειν
1587 1051 1670 1132 τῷ
1698 1046 1856 1135 λόγῳ
1883 1049 2006 1124 τοὺς
2033 1048 2266 1126 πλησίον
2293 1049 2409 1112 ἀεί.
2455 1070 2645 1134 quem

554 1149 777 1216 locum
804 1149 1026 1216 laudat
1056 1148 1438 1214 Plutarchus
1476 1148 1559 1214 de
1600 1150 1879 1216 Ρῑοέεᾶ.
1907 1151 1978 1214 in
2008 1151 2180 1218 Virt.
2213 1152 2398 1216 Sent.
2439 1173 2507 1236 p.
2545 1152 2638 1234 78.

558 1255 635 1318 Ε.
680 1265 750 1318 et
791 1251 1085 1324 imitatus
1125 1251 1246 1316 effe
1286 1251 1534 1317 videtur
1569 1252 1702 1318 Dio
1737 1251 1978 1318 Caffius
2008 1256 2086 1317 L.
2119 1254 2364 1320 XLVI.
2397 1276 2464 1340 p.
2495 1268 2638 1338 453.

556 1361 935 1438 συκοφαντῶν,
981 1353 1181 1434 ἕλκων,
1228 1353 1567 1482 σπαράττων
1615 1355 1739 1431 τοὺς
1788 1357 1952 1439 μηδὲν
1993 1359 2315 1430 ἀδικοῦντας
2363 1353 2552 1443 ὥσπερ
2597 1361 2640 1418 οἱ
2678 1415 2686 1428 ,

556 1458 731 1534 κυνές.
819 1457 1108 1545 Simplex
1148 1457 1490 1542 σπαράττειν
1527 1479 1608 1523 eo
1653 1459 1834 1524 sensu
1878 1458 2225 1524 Plutarcho
2269 1482 2402 1524 non
2447 1459 2635 1523 infre-

550 1567 761 1648 'quens
799 1560 908 1640 est,
940 1560 1045 1625 De
1073 1558 1359 1624 Sanitate
1387 1560 1648 1625 Tuend.
1679 1582 1746 1647 p.
1775 1547 1922 1628 12⁸1.
1947 1561 2034 1626 C.
2108 1561 2412 1649 Sympos.
2443 1563 2522 1626 L.
2550 1562 2630 1624 ΙΙ.

445 1679 622 1751 12p.
650 1665 802 1750 653.
831 1661 914 1728 C.
988 1661 1250 1728 Cimon.
1280 1683 1347 1750 p.
1369 1662 1524 1748 485.
1552 1661 1634 1727 C.
1698 1662 1838 1728 -Dio
1868 1663 2034 1729 Caff.
2066 1663 2147 1728 L.
2181 1664 2365 1728 LXI.
2399 1685 2468 1750 p.
2491 1677 2628 1750 995.

556 1765 738 1833 Bafil.
767 1767 871 1830 M.
902 1767 1109 1830 Hom.
1133 1766 1220 1829 X.
1240 1786 1317 1851 p.
1341 1780 1496 1850 379.
1520 1767 1597 1829 E.
1660 1763 1855 1861 Adde
1886 1765 2032 1832 Cel.
2060 1765 2456 1839 Valckenar.
2484 1765 2628 1832 Dia-

552 1869 705 1936 trib.
735 1869 801 1933 in
832 1871 1092 1956 Fragm.
1120 1867 1346 1953 Eurip.
1382 1867 1546 1955 Cap.
1575 1868 1766 1932 XI-X.
1796 1889 1872 1954 p.
1893 1887 2043 1934 200.

328 2034 332 2042 ,
635 1971 792 2057 548.
826 1969 907 2036 C.
954 1969 1401 2056 Κατεφόρει-τῆς
1440 1969 1741 2058 προνοίας.]
1795 1971 1901 2034 Sic
1937 1970 2271 2036 Editiones
2309 1993 2536 2036 omnes
2568 1983 2626 2034 et

434 2067 442 2075 ⁸
518 2153 525 2160 ·
552 2075 760 2142 MSti.
834 2072 963 2138 Sed
992 2071 1167 2138 Coll.
1199 2071 1456 2137 Schott.
1488 2084 1556 2136 et
1581 2073 1660 2136 T.
1687 2074 1775 2140 V.
1805 2073 1882 2136 Β.
1913 2073 2225 2162 κατεφρόνει
2252 2101 2314 2138 τ.
2341 2101 2407 2138 π.
2437 2079 2624 2137 Κατα-

551 2181 754 2263 φρονεῖν
794 2179 891 2254 τὴν
930 2173 1181 2261 προνοῖαν
1219 2174 1446 2270 saepius
1486 2174 1793 2239 dicuntur
1818 2175 2148 2262 Epicurei,
2181 2199 2242 2240 v.
2269 2197 2334 2241 c.
2365 2176 2620 2240 Maxim.

549 2381 851 2470 δυναμένων
890 2381 1119 2464 τιμωρεῖ
1115 2404 1163 2442 ν.
1254 2378 1534 2464 Epieiet.
1588 2377 1844 2443 Arrian.
1892 2381 1998 2442 L.
2003 2379 2116 2444 ·.II
2162 2379 2325 2444 Diff.
2371 2381 2516 2444 XX.
2553 2400 2614 2465 p.

546 2487 699 2572 298.
787 2480 917 2548 Sed
964 2480 1276 2568 κατεφόρει,
1324 2503 1718 2567 quamquam
1769 2479 2060 2568 nuspiam
2111 2481 2328 2547 adhuc
2371 2481 2616 2546 omnino

547 2583 689 2672 ejus
728 2581 943 2648 inveni
986 2581 1381 2668 exemplum,
1425 2594 1494 2647 et
1538 2605 1921 2668 germanum
1969 2595 2038 2647 et
2085 2582 2339 2670 antiqui
2387 2582 2614 2647 videtur

546 2685 806 2750 coloriS.
880 2687 1055 2749 Nam
1095 2685 1305 2771 primo
1352 2684 1640 2779 quidem)
1666 2685 1895 2749 eadem
1941 2686 2002 2749 se
2046 2696 2269 2752 tuetur
2311 2685 2606 2772 analogia,

545 2808 674 2874 qua
716 2789 1018 2872 καταχεῖν,
1060 2787 1566 2850 κατασκεδαννῦναι
1599 2787 1740 2862 τινὸς
1775 2813 1854 2867 τι,
1883 2798 1953 2851 et
1980 2786 2224 2866 fimilia,
2256 2799 2325 2850 et
2351 2785 2606 2874 ejusdem

543 2888 726 2955 verbi
755 2887 1105 2974 compofita
1132 2890 1451 2974 συμφορεῖν,
1483 2892 1754 2976 ἐμφορεῖν,
1786 2891 2050 2976 ἐκφορεῖν,
2079 2887 2146 2951 in
2173 2887 2410 2975 quibus
2436 2885 2602 2974 figni-

546 2991 777 3056 ficandi
816 2990 910 3054 vis
958 2989 1167 3078 major
1209 2991 1297 3054 est
1338 3011 1533 3077 quam
1573 2989 1639 3054 in
1685 2989 2001 3078 συμφέρειν,
2046 2990 2331 3078 εἰσφέρειν,
2376 2988 2602 3075 ἐκφέρειν.

542 3096 719 3160 Nam
767 3107 846 3160 ut
884 3093 1177 3178 συμφέρειν
1219 3092 1482 3180 corgfhrre
1520 3105 1730 3172 notat,
1772 3098 2089 3179 συμφορεῖν,
2130 3093 2450 3158 acervatim
2483 3115 2596 3154 con-

534 3221 765 3283 gerere,
796 3210 866 3262 et
901 3197 970 3261 in
1007 3194 1270 3282 reliquis
1308 3193 1526 3259 fimilis
1564 3195 1650 3259 est
1691 3195 1896 3273 rati03
1946 3195 2027 3260 fic
2056 3195 2382 3282 καταφέρειν
2405 3195 2529 3268 τινὸς
2551 3194 2596 3256 τὶ

542 3299 631 3362 est
674 3299 998 3388 impingere
1018 3297 1193 3384 quid
1225 3297 1290 3360 in
1330 3295 1612 3384 aliquem,
1655 3302 2008 3384 καταφορεῖν,
2048 3296 2244 3386 ηιαῖἰᾳ
2283 3308 2597 3362 coacervata

540 3400 840 3488 confertim
868 3401 933 3464 in
960 3399 1217 3488 aliquem
1241 3399 1568 3485 ffndere.
1643 3399 2126 3464 Grammaticus
2156 3413 2372 3465 tamen
2401 3398 2594 3465 rarifli-

542 3527 655 3568 mo
704 3503 832 3568 hoc
881 3503 1075 3568 verbo
1122 3504 1273 3567 usus
1320 3503 1408 3566 est
1459 3501 1522 3566 in
1569 3501 1950 3586 explicando
1998 3501 2153 3583 alio,
2199 3502 2384 3589 cujus
2431 3499 2596 3565 hodie

540 3606 729 3693 plura
760 3603 1054 3690 exempla
1094 3604 1359 3682 exstant,
1402 3602 1808 3689 Phrynichus
1849 3609 2131 3690 Παρασκ.
2173 3603 2414 3688 Σοφιστ.
2443 3601 2594 3666 MSt.

358 3711 366 3718 ’
472 3769 477 3778 ,
541 3729 687 3794 quae
730 3707 818 3796 est
858 3705 1056 3792 penes
1102 3705 1246 3770 Cel.
1294 3703 1643 3770 Ruhnken.
1689 3705 2220 3789 Καταγλωττίζειν,
2255 3705 2591 3796 καταλαλεῖν,

539 3809 637 3873 καὶ
668 3812 993 3894 καταφορεῖν
1021 3808 1262 3882 πολλοὺς
1294 3805 1516 3891 λόγους.
1561 3804 1674 3870 ubi
1705 3806 1844 3890 pari
1869 3829 2087 3872 errore
2115 3806 2408 3872 scribitur
2434 3829 2591 3868 κατα-

538 3915 763 3998 φρονεῖν.
835 3910 1070 3976 Glofl'ae
1116 3909 1387 3997 Cyrilli:
1437 3912 1783 3992 Καταφοροὶ,
1833 3909 2160 3990 ἱηνεὲῗὶνα,
2209 3908 2587 3993 Καταφορικός,

536 4015 892 4081 ἱηυεὲῑὶνιιε.
939 4036 1069 4101 qua
1106 4033 1261 4078 voce
1292 4000 1367 4076 et
1402 4009 1621 4076 Ifidor.
1664 4011 1870 4077 Pelus.
1901 4015 1982 4077 L.
2015 4015 2108 4078 II.
2143 4016 2269 4100 Ep.
2305 4026 2443 4099 135.
2467 4007 2589 4074 usus

1208 4245 1234 4278 Υ
1265 4238 1346 4286 Sic
1367 4237 1579 4286 Ariston.
1599 4237 1738 4286 stob.
1760 4253 1810 4300 p.
1831 4245 1947 4291 4⁵6.
