2850 4817
538 350 655 430 298
862 360 866 369 ·
1063 361 1069 366 ·
1307 317 1823 406 BRAEFA'm‘o.
1892 316 1899 326 '

536 515 588 552 ‘⁸
642 502 921 596 posteros
938 506 1152 569 ?’'--“
1179 503 1273 570 At
1314 504 1608 572 Deorum
1651 502 1910 571 confilia
1949 503 2136 570 nobis
2171 500 2396 592 ignota
2439 505 2610 584 sunt,

535 618 588 654 “
614 623 685 676 et
723 609 791 674 in
834 629 911 674 ea
948 605 1195 672 curiose
1234 605 1474 694 inquiri
1497 607 1592 674 ab
1632 605 2200 687 homuncionibus,
2239 607 2512 672 summae
2542 619 2610 672 et

535 715 589 754 “
614 708 915 778 amentiae
950 708 1039 772 est
1075 719 1143 772 et
1164 706 1690 795 impudentia?
1711 709 1802 760 5-
1821 713 1869 748 “
1889 708 2152 795 Ergone
2191 719 2310 772 aut
2349 707 2531 773 vobis
2569 729 2610 772 e
2691 755 2698 760 -

532 821 585 858 “
614 810 865 880 meliori
904 807 1048 876 luto
1082 809 1265 874 finxit
1299 807 1652 896 praecordia
1687 803 1907 887 Titan,
1943 819 2062 874 aut
2091 807 2202 896 ipfi
2243 807 2364 875 Dii
2395 813 2513 874 voa
2539 809 2606 874 in

534 912 871 981 “consilia
908 908 1283 991 adhibuere,
1326 909 1440 998 qui
1479 933 1558 978 ea
1597 922 1733 976 tam
1775 909 2172 977 confidenter
2211 910 2608 999 scienterque

536 1023 589 1061 “
614 1013 993 1104 explicetis?
1040 1012 1300 1094 Videte,
1338 1012 1400 1079 Ο
1431 1011 1611 1094 boni,
1643 1034 1778 1101 quo
1807 1011 2158 1082 evadatis”
2242 1014 2416 1079 Tum
2459 1019 2605 1080 vero

534 1113 736 1187 Stoici
788 1115 997 1182 multa
1046 1113 1464 1194 comminisci,
1513 1109 1758 1194 sudare,
1805 1136 1928 1180 nec
1977 1137 2112 1202 quo
2165 1113 2228 1180 se
2285 1119 2606 1181 verterent

534 1219 849 1308 reperire3
896 1213 1193 1304 Epicurei
1236 1215 1460 1282 contra
1497 1215 1709 1282 acrius
1754 1215 2045 1296 infistere,
2094 1237 2352 1305 urgere,
2395 1239 2604 1304 neque

534 1319 883 1422 effugiendi
920 1321 1141 1387 locum
1182 1318 1357 1386 dare.
1443 1317 1732 1385 Tandem
1771 1341 1851 1384 eo
1888 1317 2284 1395 devenerunt
2319 1340 2467 1433 quo·
2486 1318 2599 1384 de-

535 1425 753 1490 venire
778 1423 845 1488 in
871 1423 994 1487 hac
1022 1420 1452 1507 disputatione
1492 1419 1738 1484 necefl‘e
1762 1421 1920 1500 erat,
1949 1432 2027 1485 ut
2051 1419 2187 1506 post
2211 1418 2382 1484 hanc
2409 1418 2600 1484 vitam

534 1524 967 1615 pr'aemiorum
1000 1535 1069 1588 et
1116 1545 1454 1611 poenarum
1499 1521 1720 1588 locum
1765 1521 1889 1587 effe
1939 1521 2250 1588 dicerent.
2337 1520 2436 1587 At
2478 1521 2600 1586 hoc

534 1649 751 1707 omne,
790 1624 1095 1714 quicquid
1139 1624 1208 1690 id
1244 1625 1357 1704 est,
1400 1622 1484 1688 ad
1526 1621 1706 1710 vulgi
1746 1621 2247 1710 superstitionem
2289 1634 2364 1688 et
2405 1621 2598 1688 aniles

534 1728 781 1795 fabulas
808 1727 1166 1793 referebant
1206 1723 1532 1813 Epicurei,
1563 1723 1834 1812 jamque
1860 1723 2128 1790 victores
2155 1722 2270 1790 fibi
2295 1723 2594 1791 videban-

534 1843 645 1898 tur
668 1842 736 1897 et
762 1829 1243 1896 exclamabant.

694 1979 699 1984 .
1549 1929 1833 2018 Relligio,

792 2035 941 2122 Quae
970 2044 1148 2121 caput
1172 2057 1213 2096 a
1240 2031 1375 2097 coeli
1398 2031 1724 2122 regionibus
1751 2031 2102 2118 ostendebat,

787 2135 1287 2222 Horribilisuper
1317 2137 1550 2222 aspefiu
1573 2133 1914 2198 mortalibus
1939 2135 2180 2220 bstou-r,

786 2234 1903 2324 ——v———spedibussuh'ebla
1929 2235 2176 2323 vicifflm

793 2337 1094 2402 Obteritur
1102 2355 1133 2401 .·‘
1165 2360 1267 2402 nos
1292 2331 1569 2426 e'aeaequat
1589 2331 1845 2402 &moria
1869 2335 2031 2403 coelo.

537 2445 729 2508 Hane
768 2433 1137 2506 certaminis
1165 2439 1584 2528 iniquitatem·
1612 2459 1765 2502 cum
1806 2437 2074 2526 indigne
2111 2438 2309 2504 ferret
2353 2439 2592 2504 Plutar-

530 2545 717 2622 chus,
760 2543 889 2606 hoc
931 2541 1149 2607 libello
1190 2559 1392 2627 opem·
1417 2539 1652 2605 adtulit
1689 2562 1821 2604 non
1855 2540 2116 2628 quidem
2145 2540 2404 2621 Stoicie,
2429 2535 2602 2628 quo-'

532 2666 679 2710 rum
715 2635 925 2730 rigida
962 2641 1233 2706 decreta·
1258 2639 1398 2704 aiiis
1441 2639 1618 2705 libris
1659 2641 1982 2721 refutavit,
2017 2640 2125 2705 sed
2146 2638 2338 2728 justae
2373 2663 2592 2706 eorum

532 2745 781 2824 cauffae,
824 2741 1123 2830 religioni
1163 2753 1231 2806 et
1274 2740 1558 2823 veritati3
1603 2741 2008 2829 nimiumque
2035 2736 2198 2806 illud
2239 2742 2471 2808 Stoicae
2496 2741 2590 2807 se-

530 2846 813 2914 veritatis
853 2843 1214 2923 remittens,
1258 2842 1614 2910 orationem
1659 2867 1739 2910 ex
1773 2843 2076 2932 angustiis
2108 2857 2178 2910 et
2215 2843 2494 2910 dumetis
2524 2843 2588 2909 in

531 2969 835 3038 campum
863 2945 1107 3026 eduxit,
1131 2946 1195 3010 in
1219 2967 1349 3033 quo
1373 2945 1577 3032 poffet
1598 2946 1930 3011 exsultare.
1953 2986 1957 2990 -
1986 2946 2088 3011 Ac
2107 2945 2320 3033 primo
2337 2946 2588 3034 quidem

484 3065 488 3072 '
535 3064 741 3117 totam
768 3048 1213 3136 disputationis
1242 3048 1516 3113 formam
1555 3061 1704 3134 apte
1739 3047 2078 3135 descripfit.
2167 3048 2386 3136 Fingit
2419 3048 2587 3114 enim

532 3151 946 3238 Epicureum,
979 3147 1355 3237 postquam
1336 3171 1403 3212 m
1435 3147 1548 3214 suo
1577 3162 1646 3213 et
1671 3149 2027 3218 amicorum
2055 3149 2338 3215 conseffu
2369 3149 2590 3214 acrit‘er

530 3250 599 3315 in
648 3250 1026 3316 sententiam
1083 3249 1163 3314 de
1213 3249 1612 3316 Prmidentia
1659 3271 1735 3314 ac
1785 3250 1995 3338 pmnia
2042 3248 2270 3315 divinis
2315 3249 2590 3315 {uveam

350 3341 397 3375 ’“
530 3353 705 3433 effet,
735 3351 973 3431 abiiffe,
1002 3336 1264 3440 ejusque
1298 3351 1688 3440 objeffiones
1715 3353 1798 3418 ab
1833 3353 1978 3440 ipfis
2006 3351 2089 3417 ad
2117 3375 2379 3418 examen
2409 3375 2592 3418 revo-

528 3452 661 3519 cari
700 3465 770 3518 et
802 3452 1087 3517 refutari.
1175 3452 1327 3534 Hic,
1355 3453 1667 3542 quidquid
1690 3453 1774 3518 ad
1797 3454 2170 3520 tarditatem
2195 3453 2422 3520 divinae
2447 3451 2583 3518 vin-

388 3621 398 3646 Ι
531 3553 719 3638 ἄξιαι
756 3553 1176 3618 excusandam
1215 3554 1446 3622 adferri
1489 3555 1714 3641 potest,
1760 3555 2152 3642 explicatur·
2131 3603 2154 3636 ,
2200 3555 2420 3620 Deum
2461 3577 2586 3619 non

526 3656 645 3738 ira,
706 3653 813 3722 sed
870 3653 1295 3721 misericordia
1340 3656 1423 3721 ad
1473 3644 1832 3743 puni'endos
1888 3657 2094 3722 malos
2147 3657 2472 3737 accedere,
2518 3667 2588 3720 ut

529 3781 643 3824 eos
670 3757 949 3844 corrigat
976 3771 1043 3822 et
1069 3757 1136 3821 in
1167 3756 1331 3822 viam
1358 3757 1662 3838 reducat3
1707 3751 1914 3845 eoque
1957 3781 2088 3824 non
2131 3759 2340 3825 statim
2375 3780 2586 3847 poenas

527 3861 837 3949 infligere,
871 3858 1044 3946 quod
1075 3859 1153 3924 iis
1182 3874 1441 3947 tempus
1475 3858 1808 3948 largiatur,
1836 3873 1914 3924 ut
1941 3860 2025 3925 ad
2052 3861 2388 3928 meliorem
2414 3860 2584 3927 rede-

528 3975 641 4028 ant
681 3963 959 4048 frugem.
1047 3962 1108 4026 A
1147 3961 1407 4049 posteris
1445 3973 1668 4026 autem
1691 3963 1934 4046 'poenas
1978 3961 2206 4049 repeti,
2251 3986 2385 4028 non
2421 3959 2586 4050 qnod

528 4059 639 4149 ip'fi
668 4075 1010 4150 parentum
1040 4061 1287 4126 deliciis
1316 4061 1690 4139 meruerint,
1719 4059 1825 4126 sed
1853 4060 2031 4148 quod
2059 4085 2138 4128 ex
2163 4051 2446 4152 maligna
2467 4083 2584 4148 pa·

527 4175 783 4228 rentum
818 4163 1036 4229 indole
1072 4163 1247 4228 labes
1278 4162 1340 4226 in
1372 4163 1720 4228 liberorum
1755 4163 2370 4254 transeantingenia
2393 4185 2587 4250 eaque

527 4263 863 4344 adficient3
909 4265 1027 4330 has
1048 4267 1247 4330 ’Dece
1288 4264 1494 4350 poenis
1527 4263 1726 4329 veluti
1767 4263 2090 4332 medicina
2129 4267 2370 4348 eluere,
2407 4289 2482 4332 ne
2518 4265 2584 4330 in
