2850 4817
556 363 666 404 ιοο
830 342 909 403 D.
946 341 1047 418 W.
1088 339 1487 400 ANIMADV.
1519 339 1620 400 ,ΙΝ
1643 337 2131 399 -PLUTARCHI
2169 338 2331 398 Lm.

526 497 616 568 ¹in
624 513 957 588 terpreteo.
1040 499 1110 564 A
1138 498 1355 566 Servio
1397 520 1552 587 rege
1593 496 1956 564 dedicatam
1997 509 2214 564 narrat
2253 497 2650 564 Plutarchus

552 604 711 676 ,item
738 602 979 691 Quaest.
1010 603 1200 668 Rom.
1226 599 1335 687 pc'.
1368 621 1436 687 p.
1472 600 1620 688 289.
1651 599 1742 699 Β.

638 725 791 792 322.
838 706 911 769 F.
954 701 1379 789 Ὀψεκουέντης]
1444 704 1522 783 Β,
1571 705 1652 768 Ε.
1697 700 2110 778 Ὀψεκουᾶντις.
2145 703 2356 769 'HarL
2402 702 2648 787 Ἐνι-ης.

556 804 865 876 Eamdem
896 816 1081 874 vocat
1100 803 1399 891 μιιλιχίαν
1422 803 1662 892 Quaest.
1694 806 1883 870 Rom.
1911 801 2009 868 σθ’.
2038 824 2104 889 p.
2135 805 2284 872 281.
2311 805 2404 870 D.
2481 807 2648 870 Me-

558 921 847 974 moratur
868 906 1041 994 apud
1074 902 1370 972 Plautum
1400 905 1648 972 Afinar.
1675 907 1802 970 111.
1821 924 1889 992 3,
1915 907 2061 970 126.
2107 905 2653 994 Inscriptionibus

542 1009 730 1098 ‘apud
775 1011 1034 1076 Gruter.
1080 1008 1353 1076 LXXV.
1385 1009 1452 1089 6,
1488 1009 1551 1073 8.
1639 1007 1845 1072 CCL.
1897 1005 1979 1070 V
1956 1029 2076 1071 tous
2117 999 2402 1074 Fomnoe
2449 1007 2650 1095 Off

560 1113 785 1203 quentis
809 1111 1099 1200 Regione
1132 1113 1163 1176 Ι
1190 1109 1419 1176 Urbis.
1466 1110 1624 1176 item
1655 1111 1724 1174 P.
1757 1108 2032 1176 Victori.
2119 1110 2247 1175 Et·
2231 1133 2296 1174 m
2325 1112 2652 1178 Nummis

562 1215 885 1303 frequens.

647 1337 799 1406 3212.
830 1320 901 1383 F.
945 1313 1111 1390 ’188025
1138 1315 1358 1404 Τῦχης]
1408 1317 1602 1402 Hanc
1631 1315 1923 1382 nominat
1950 1313 2016 1379 in
2045 1255 2284 1402 Quaei’c.
2315 1315 2507 1380 Rom.
2541 1316 2646 1382 σθ’.

563 1437 634 1536 p·-
666 1419 813 1488 281.
842 1420 924 1484 E.
956 1439 1089 1483 non
1106 1417 1311 1482 -exstat
1338 1417 1512 1509 apud
1543 1419 1611 1481 P.
1642 1415 1974 1482 ViRorem
1998 1415 2107 1480 De
2133 1416 2300 1503 Reg.
2331 1416 2531 1481 Urbis
2563 1419 2648 1484 R.

559 1521 631 1588 in
664 1507 827 1606 Reg.
859 1519 948 1586 X.
980 1539 1127 1604 quae
1154 1518 1241 1584 est
1272 1518 1521 1598 Palatii,
1549 1539 1670 1584 nec
1698 1517 1852 1584 alibi
1872 1516 2052 1606 quod
2077 1517 2294 1582 sciam.
2379 1517 2651 1604 Diony-

566 1624 689 1689 fius
728 1621 885 1690 Hal.
929 1621 1047 1689 IV.
1083 1636 1187 1706 27.
1233 1643 1360 1685 non
1404 1621 1514 1686 nifi
1559 1620 1720 1686 duas
1764 1623 2064 1686 Fortunae
2107 1636 2148 1684 a
2181 1619 2398 1686 Servio
2423 1619 2654 1684 Tuuio

570 1724 741 1802 tedes
782 1722 1029 1788 dicatas
1072 1719 1290 1802 tradit,
1336 1724 1602 1788 alteram
1647 1723 1714 1787 in
1762 1725 1925 1789 Foro
1967 1724 2222 1802 BoariO,
2257 1713 2526 1787 alteram
2563 1720 2652 1786 aad

356 1905 362 1920 ,
486 1820 489 1822 v
568 1824 815 1894 Tiberis
842 1823 1049 1911 ripam
1074 1824 1269 1912 Τύχης
1294 1823 1560 1910 ἀνδρείας.

653 1947 807 2013 322.
844 1929 915 1992 F.
959 1926 1285 2013 Ἰξευτρίας]
1332 1927 1570 2014 Quaest.
1613 1927 1803 1990 Rom.
1833 1925 1928 1990 οἵ.
1960 1947 2027 2011 p.
2053 1926 2202 1992 281.
2235 1926 2316 1988 E.
2355 1923 2508 1988 alibi
2550 1922 2651 1988 le·-

570 2051 725 2118 gere
780 2051 900 2094 nos
948 2050 1079 2093 non
1130 2027 1566 2094 meminimus.
1657 2019 1928 2093 Fortasse
1979 2028 2052 2092 fit
2099 2026 2324 2092 eadem
2375 2049 2520 2114 quoe
2577 2027 2650 2089 P.

571 2131 821 2200 Victori
849 2131 1013 2218 Reg.
1042 2131 1209 2196 Urb.
1245 2133 1436 2200 Rom.
1469 2131 1556 2195 X.
1591 2130 1839 2211 Palatii,
1867 2131 2245 2196 estFortuna
2280 2128 2347 2193 V
2339 2129 2529 2192 icina:
2577 2141 2655 2192 ut

574 2234 673 2299 vel
700 2231 874 2320 apud
902 2232 1103 2314 hunc,
1134 2232 1231 2297 vel
1262 2232 1705 2312 Plutarchum,
1736 2255 1912 2298 error
1939 2233 2034 2296 fit.

661 2355 811 2421 322.
841 2336 911 2398 F.
937 2338 1094 2419 παρὰ
1120 2335 1175 2396 δὲ
1204 2337 1300 2410 τὴν
1327 2334 2052 2422 Μουσκῶσαν-Παρθένου
2073 2335 2266 2422 Τύχης
2291 2334 2420 2420 ἱερόν
2439 2334 2646 2419 ἐστιν’]

576 2439 745 2504 Haec
789 2457 830 2499 a
870 2434 1179 2521 proximis
1220 2434 1466 2520 Ριιιιᾶο
1503 2449 1688 2502 erant
1724 2435 2190 2524 disjungenda:
2239 2436 2307 2501 in
2347 2435 2654 2500 omnibus

574 2535 969 2604 editionibus
996 2557 1329 2622 perperam
1358 2537 1840 2605 continuantur.
1891 2538 2080 2626 Virgo
2093 2540 2354 2602 Fortuna
2369 2539 2458 2603 est
2479 2536 2651 2624 apud

578 2637 873 2704 Nonium
902 2640 1083 2704 Voce
1116 2638 1452 2702 Undulatus
1489 2661 1568 2704 ex
1597 2640 1913 2719 Varrone,
1953 2662 2020 2726 p.
2055 2640 2199 2728 189.
2287 2638 2654 2704 Arnobium

382 2704 388 2708 ”
448 2799 459 2804 -
580 2739 749 2804 Adv.
780 2741 980 2806 Gent.
1016 2741 1106 2804 11.
1135 2762 1202 2829 p.
1233 2761 1360 2827 91„
1440 2742 1797 2829 Virginazis,
1835 2742 1945 2806 ubi
1982 2741 2272 2807 videatur
2311 2741 2464 2807 Des.
2511 2741 2650 2804 He-

346 2920 353 2928 ·
460 2857 467 2862 '
578 2837 823 2908 raldus.
913 2843 1169 2930 Mufitofi
1184 2841 1395 2930 fontes
1437 2844 1979 2931 cognominantur
2010 2843 2287 2931 Virgilio
2325 2843 2462 2908 Ecl.
2496 2842 2653 2908 VII.

580 2961 689 3032 45.
728 2945 1061 3033 proprium
1086 2967 1326 3011 nomen
1354 2945 1511 3012 alibi
1540 2968 1666 3011 non
1710 2946 2026 3032 legimusz
2073 2946 2452 3010 Μουσικῶσαν
2480 2943 2655 3031 quod

584 3048 671 3112 est
714 3046 780 3111 in
826 3045 983 3110 Ald.
1026 3046 1107 3122 B,
1145 3048 1219 3110 E.
1264 3045 1440 3112 Voff.
1481 3045 1668 3112 Harl.
1715 3069 1847 3112 non
1891 3044 2319 3132 probandum.
2407 3042 2588 3132 Quid
2618 3042 2654 3106 fi

530 3197 543 3214 .
585 3147 727 3212 haec
768 3149 1032 3212 Fortuna
1083 3169 1235 3214 cum
1280 3148 1464 3212 Fonte
1503 3161 1561 3211 et
1602 3148 1786 3236 Aqua
1830 3146 2104 3235 Virgine,
2147 3160 2263 3214 aut
2312 3144 2659 3234 conjuncta

586 3247 713 3313 fuit
738 3247 1121 3334 antiquituS,
1153 3263 1267 3316 aut
1293 3270 1333 3314 a
1360 3245 1703 3316 Plutarcho
1734 3249 2030 3314 confusa?

672 3369 741 3434 p.
768 3367 920 3434 323.
952 3349 1038 3412 A.
1080 3349 1498 3436 Ἀβησκύμαις]
1549 3351 1703 3416 Non
1730 3350 1932 3417 solum
1965 3351 2147 3414 Mea.
2177 3347 2284 3414 sed
2311 3346 2509 3413 etiam
2539 3349 2654 3414 Jo-

492 3437 517 3464 ⁶
590 3449 703 3514 fias
730 3451 1067 3518 Mercerus
1096 3450 1179 3516 ad
1204 3453 1272 3517 N
1275 3451 1500 3517 onium
1529 3454 1740 3519 Marc.
1768 3474 1838 3539 p.
1866 3473 2010 3535 142.
2037 3450 2492 3539 corrigendum
2521 3471 2659 3516 mo-

590 3550 733 3616 nuit
774 3552 1109 3628 Αἰσκυλίαις
1143 3552 1456 3642 Esquiliis,
1493 3566 1564 3618 et
1604 3555 1924 3620 Fortunam
1965 3553 2375 3642 Rqspicientem
2415 3549 2660 3618 intelli-

588 3652 710 3740 git.
798 3653 1005 3739 Atqui
1052 3655 1121 3719 in
1169 3655 1464 3742 Esquiliis
1507 3655 1684 3721 nulla
1731 3657 1993 3722 Fortuna
2035 3668 2431 3721 memoratur
2489 3652 2662 3742 apud

590 3757 767 3821 Sext.
811 3749 1055 3840 'Rufum
1094 3771 1163 3822 et
1202 3759 1270 3822 P.
1310 3757 1682 3825 Vi&orem=
1729 3759 1900 3846 apud
1939 3756 2352 3844 Onuphrium
2395 3756 2660 3844 quidem

593 3861 808 3923 Parva
846 3872 915 3922 et
941 3857 1154 3922 Mala.
1243 3860 1337 3924 At
1364 3859 1429 3923 in
1461 3860 1526 3923 X
1557 3861 1844 3948 Regione
1879 3861 2074 3928 habet
2101 3861 2425 3924 Fortunam
2453 3858 2664 3946 Rqspt'·

590 3959 827 4024 cientem
865 3959 1202 4046 Inscriptio
1229 3959 1405 4047 apud
1439 3962 1792 4030 Gruterum
1820 3985 1886 4050 p.
1919 3963 2122 4030 CCL.
2163 3974 2231 4027 et
2257 3959 2412 4030 alibi
2437 3959 2665 4026 eadem

593 4059 894 4126 occurrit.
987 4055 1684 4149 Poterat-iaempeoouim
1715 4078 1785 4130 et
1811 4065 2102 4130 Reducem
2129 4063 2454 4132 Fortunam
2479 4060 2669 4149 figni-

598 4159 826 4226 ficare:
874 4160 1059 4248 cujus
1102 4161 1401 4250 frequens
1439 4165 1528 4230 est
1561 4167 1807 4232 mentio
1846 4166 1914 4232 in
1949 4165 2403 4253 Scriptoribus,
2437 4163 2666 4236 Inscri-
