2850 4817
422 277 533 336 DE
569 276 782 336 SERA
822 274 1176 342 NUMINIS
1216 273 1623 338 VINDICTA.
1665 293 1721 352 p.
1741 271 1892 349 ¹564.
1920 272 1998 330 D.
2163 287 2276 352 435

184 435 328 504 IX.
373 456 484 522 43.
541 418 803 522 ἀθροίζειν
838 435 1054 500 iamin.
1140 435 1384 500 Verum
1439 432 1820 508 Plutarchus
1869 431 1976 499 hic
2019 453 2150 498 non
2201 453 2280 498 ex
2302 419 2442 498 106

182 539 539 616 communi
578 537 1067 617 consuetudine,
1100 537 1205 602 sed
1240 559 1319 600 ex
1361 535 1890 622 Philosophorum
1918 534 2036 600 usu
2065 533 2280 620 loqui-

190 651 334 719 tur,
368 663 409 706 a
440 641 675 728 quibus
719 639 1091 728 congregatio
1132 638 1339 702 mentis
1381 638 1447 700 in
1468 637 1547 722 se
1587 639 1772 724 ipsam
1801 637 2122 723 saepiffime
2152 635 2282 700 vel-

192 742 303 807 uti
346 742 669 830 sapientiae
709 743 985 808 studium
1020 740 1402 807 celebratur.
1477 739 1630 804 Vid.
1665 740 1842 806 Plato
1872 735 2175 804 Phaedon.
2210 759 2280 824 p.

192 845 357 932 387.
386 846 473 916 Α.
549 845 731 912 Philo
772 845 927 912 Jud.
968 819 1243 932 Migrat.
1286 843 1536 908 Abrah.
1579 865 1645 928 Ρ.
1676 844 1828 925 418.
1856 843 1946 906 D.
1991 847 2169 916 ὁνοῢς
2211 845 2284 916 εἰς

196 950 372 1012 αὐτὸν
412 948 745 1037 ἐπιστρέφει.
838 941 1225 1033 Porphyrius
1268 944 1349 1010 de
1388 944 1654 1009 Gradib.
1695 965 1804 1030 ap.
1845 945 2029 1008 Stob.
2076 965 2142 1054 Ρ.
2173 962 2280 1031 91

201 1049 401 1118 Adde
432 1049 739 1116 Gataker.
769 1048 851 1116 ad
879 1051 982 1126 M.
1013 1048 1444 1114 Anton.V11.
1481 1047 1584 1122 28.

290 1152 447 1236 564.
478 1151 567 1216 D.
606 1150 765 1214 Εἶδον
784 1154 971 1236 ἑαυτῷ
998 1177 1067 1233 μ..
1048 1149 1099 1212 ’ν
1124 1173 1250 1212 τινα
1255 1147 1736 1236 συναιωρουμένην
1763 1148 2011 1232 ἀμυδράν
2035 1173 2162 1212 τινα
2189 1149 2286 1212 καὶ

198 1254 413 1331 σκιώδη
444 1253 763 1338 γραμμὴν]
807 1251 1114 1322 Posterius
1143 1275 1267 1314 τινα
1293 1249 1462 1314 abest
1491 1251 1572 1314 ab
1597 1248 1841 1314 Harlei.
1873 1271 2079 1336 eoque
2100 1249 2286 1317 facile
2337 1277 2342 1280 ·

205 1377 427 1436 carere
450 1355 798 1442 poffumus.
858 1353 1249 1440 Quanquam
1278 1349 1470 1439 hujus
1499 1349 1896 1438 repetitionis
1925 1353 2285 1440 frequentia

209 1458 364 1522 sunt
404 1455 718 1543 exempla,
761 1479 821 1520 ν.
850 1477 909 1520 c.
954 1455 1135 1520 Plato
1179 1453 1512 1520 Charmid.
1556 1476 1626 1540 p.
1655 1456 1804 1541 236.
1845 1454 1926 1520 C.
2001 1456 2166 1542 Leg.
2204 1457 2284 1522 L.

210 1559 303 1624 X.
334 1581 401 1646 p.
425 1560 575 1642 665.
608 1558 695 1622 A.
755 1556 1079 1643 Aristoph.
1115 1556 1330 1642 Equit.
1360 1556 1443 1620 vs.
1475 1557 1662 1620 1066.
1722 1555 1907 1621 Plura
1928 1556 2196 1646 collegit
2213 1557 2284 1622 J.

188 1659 679 1729 -P.·Dorvillius
712 1659 795 1724 ad
827 1657 1171 1724 Chariton.
1208 1678 1273 1743 p.
1302 1658 1455 1741 561.
1541 1657 1869 1722 Plutarch.
1902 1659 1993 1723 ΙΙ.
2029 1674 2174 1745 135.
2207 1661 2286 1726 Β.

216 1777 372 1848 225.
396 1761 489 1826 A.

298 1866 458 1948 564.
489 1865 578 1928 D.
620 1861 899 1936 Έκεῖνους
926 1864 981 1926 δὲ
1008 1861 1509 1946 περιλαμπομένους
1545 1862 1738 1948 κύκλῳ
1761 1865 1868 1926 καὶ
1905 1865 2290 1945 &mantan-

212 1967 335 2045 τὸς,
364 1969 425 2030 οὗ
450 1966 554 2049 μὲν
592 1965 789 2048 ,ὁμοίως
823 1963 1095 2040 ἅπαντας·
1141 1968 1301 2029 ἀλλὰ
1338 1965 1464 2039 τοὺς
1503 1965 1630 2045 μὲν,
1659 1963 1842 2052 ὥσπερ
1869 1972 1900 2043 ἡ
1929 1965 2292 2052 καθαρωτάτη

210 2068 573 2148 πανσέληνος,
600 2068 659 2132 ’ἓν
680 2075 899 2155 χρῶμα
927 2071 1069 2132 λεῖον
1097 2068 1193 2132 καὶ
1221 2067 1454 2153 συνεχὲς
1479 2067 1578 2130 καὶ
1605 2071 1827 2150 ὁμαλῶς
1856 2067 2080 2153 istrum]
2125 2067 2288 2134 Ani·

146 2257 155 2264 .
215 2194 477 2238 marum
514 2169 833 2246 vehicula‚·
874 2170 955 2236 de
998 2169 1229 2257 quibus
1265 2167 1377 2234 hic
1423 2168 1670 2256 cogitat
1713 2168 2120 2251 PlutarchuS,
2161 2194 2294 2236 non

216 2271 447 2338 omnia
482 2271 765 2360 ejusdem
810 2272 957 2338 sunt
996 2270 1345 2358 splendoris
1362 2294 1383 2349 ς
1431 2270 1540 2336 sed
1564 2283 1640 2336 ut
1665 2293 1938 2358 quaeque
1967 2292 2116 2340 cum
2146 2293 2294 2338 cor·

218 2374 432 2462 porcis
460 2375 659 2439 rebus
680 2374 825 2460 plus
854 2372 951 2439 vel
982 2373 1196 2438 minus
1220 2371 1594 2438 commercii
1624 2371 1876 2452 habuit,
1908 2371 2000 2438 ita
2031 2373 2294 2446 vehicu-
2375 2393 2380 2400 ·

218 2477 360 2542 lum
392 2477 492 2558 vel
518 2476 909 2564 splendidius
938 2477 1133 2542 habet
1162 2474 1257 2539 vel
1280 2473 1632 2552 obscurius,
1666 2486 1743 2539 ut
1778 2473 1972 2540 docet
2004 2474 2315 2564 Porphy-‚

219 2579 355 2644 rius
386 2579 468 2644 de
500 2578 768 2644 Gradib.
798 2599 905 2664 ap.
934 2579 1265 2643 Stobaeum
1299 2575 1488 2664 Phys.
1530 2597 1598 2662 p.
1635 2595 1779 2662 133·
1869 2575 2038 2642 Quae
2081 2576 2298 2665 itaque

218 2673 569 2767 minimum
624 2695 893 2748 terrenae
940 2680 1103 2747 labis
1154 2689 1633 2758 contraxerunt,
1677 2701 1770 2744 eae
1825 2679 2104 2746 maxime
2154 2682 2300 2748 sunt

220 2782 590 2872 pellucidae,
634 2796 703 2847 et
743 2779 1143 2868 splendorem
1187 2781 1429 2847 habent
1471 2780 1832 2868 plenilunii,
1875 2782 2052 2869 quod
2085 2784 2297 2849 omni·

223 2909 341 2952 um
393 2885 713 2950 luminum
755 2885 843 2950 est
890 2882 1312 2970 puriffimum,
1352 2895 1429 2948 ut
1477 2883 1807 2950 Plutarch.
1852 2884 1944 2956 ait
1988 2884 2072 2950 de
2117 2887 2302 2952 Facie

225 2989 437 3054 Lunae
477 3008 545 3075 p.
576 3005 727 3074 921.
770 2988 862 3051 A.
945 2983 1251 3050 Similiter
1291 2984 1375 3049 de
1418 2984 1714 3052 aethereis
1757 2986 2096 3074 beatorum·
2137 2985 2302 3051 sedi-

224 3091 350 3156 bus
378 3089 644 3177 exponit
687 3086 1195 3176 olympiodorus
1226 3087 1673 3154 Commentar.
1703 3088 1768 3152 in
1803 3086 2054 3153 Platon.
2088 3085 2303 3152 Phaed.

227 3194 412 3258 MSt.
440 3190 591 3257 ‘'On-
627 3189 763 3256 λίθοι
806 3191 901 3254 καὶ
944 3189 1215 3273 μέταλλα
1250 3191 1386 3268 ἐκεῖ,
1418 3193 1516 3253 καὶ
1555 3191 1742 3277 δένδρα
1779 3189 1876 3254 καὶ
1920 3194 2034 3270 ζῶα
2073 3191 2316 3256 παντοῖα·
2349 3181 2362 3197 ⁶

224 3299 604 3378 metapontini,
634 3294 729 3357 καὶ
767 3290 1154 3378 ἀναλογοῦντα
1188 3295 1308 3366 τοῖς·
1340 3295 1457 3355 ἐκεῖ
1485 3291 1787 3377 στοιχείοις
1813 3289 1944 3371 ἐξ*
1899 3317 1972 3356 ων
2001 3290 2214 3376 φύεται·
2261 3294 2306 3354 εἰ
2363 3369 2366 3374 ¹

226 3399 285 3462 δὲ
314 3405 498 3478 τοῦτο,
528 3395 759 3471 πάντως·
771 3421 875 3461 που
904 3397 1001 3460 καὶ
1030 3398 1107 3458 τοὶ
1132 3395 1386 3478 αὐγοειδῆ
1414 3394 1687 3479 ὀχήματα
1713 3397 1954 3480 καθαροὶ,
1975 3396 2070 3459 καὶ
2101 3400 2162 3458 αἱ
2189 3395 2303 3472 ψο-

222 3504 341 3586 χαὶ
380 3496 670 3573 καλλίους.
759 3495 887 3562 Sed
929 3507 1071 3561 tota
1113 3494 1257 3559 haec
1302 3515 1405 3558 res
1445 3493 1811 3581 allegorica,
1847 3508 1916 3560 et
1957 3495 2308 3565 obscuritas

228 3615 427 3688 atque
455 3599 700 3688 puritas
731 3597 812 3662 de
842 3594 1203 3684 ignorantia
1230 3607 1299 3660 et
1326 3592 1758 3682 intelligentia
1785 3596 2162 3690 accipienda
2187 3598 2309 3666 effe

230 3702 505 3770 videtur.
595 3703 756 3765 Eam
813 3712 987 3765 certe
1034 3697 1125 3763 ita
1172 3697 1632 3782 interpretatur
1687 3699 1997 3788 Porphyr.
2048 3699 2096 3764 l.
2135 3706 2194 3764 ο.
2241 3715 2309 3766 et

233 3804 602 3874 Mercurius
634 3824 775 3894 ap.
784 3802 971 3866 Stob.
1012 3779 1200 3886 Phys.
1238 3820 1307 3886 p.
1346 3802 1502 3866 126.
1535 3797 1656 3888 ἔχει
1695 3805 1812 3889 γὰρ
1843 3803 1940 3868 καὶ
1968 3805 2105 3879 αὐτὴ
2140 3802 2306 3882 (ani
2317 3868 2324 3874 ,

234 3911 413 3994 ma)⁸
394 3905 505 3972 ἴδια
540 3902 873 3993 περιβόλαια
914 3902 1201 3985 ἀσώματα
1236 3903 1367 3966 καθὸ
1409 3903 1506 3966 καὶ
1542 3905 1683 3981 αὐτοὶ
1718 3901 2016 3986 ἀσώματός
2045 3908 2186 3967 ἔστι·
2232 3907 2310 3968 τὰ

232 4015 301 4076 δὲ.
326 4009 663 4098 περιβόλαια
699 4013 885 4070 ταῦτα
920 4004 1047 4093 αρες
1088 4003 1360 4090 (Grot.
1345 4028 1411 4068 ιιι
1456 4004 1620 4069 Cod.
1662 4006 1850 4070 Paris.
1887 4003 2132 4070 notavit
2160 4004 2311 4095 ἄερες
2405 4072 2411 4088 ,

234 4113 367 4202 log.
417 4112 465 4176 f.
512 4111 723 4198 ὅρασις)
773 4111 908 4173 εἰσὶν
948 4117 977 4186 ἡ
1026 4113 1077 4172 ἐν
1122 4112 1268 4192 ἡμῖν
1315 4107 1446 4171 ὅταν
1492 4107 1580 4172 οὖν
1631 4107 1777 4172 οὗτοι
1829 4104 1932 4172 ὦσι
1981 4109 2169 4172 λεπτοὶ
2199 4111 2330 4174 ’καὶ-

236 4217 419 4302 ἀραιοὶ
462 4217 557 4278 καὶ
598 4217 863 4296 διαυγεῖς,
900 4214 1023 4275 τοτὲ
1067 4213 1259 4286 συνετὴ
1286 4217 1316 4286 ἡ
1347 4212 1510 4296 ψυχὴ
1555 4210 1695 4273 ἐστι’·
1745 4209 1972 4276 ‹ira-⁹83
2010 4212 2314 4288 τούναντίον

1191 4333 1228 4374 F
1257 4312 1289 4374 f
1314 4331 1350 4378 2
1406 4337 1410 4342 ·
