2850 4817
513 345 631 404 3¹2
794 324 875 386 D.
916 325 1015 387 W.
1056 325 1456 386 ANIMADV.
1495 325 1591 385 IN
1630 322 2104 385 PLUTARCHI
2143 323 2306 383 LIB.

449 573 454 582 .
512 487 576 574 γ’
602 492 819 573 «xpofori
842 485 1125 573 λέγοντες.
1198 483 1444 551 Eadem
1473 505 1690 572 porro,
1718 497 1794 550 ut
1820 482 1888 548 in
1915 481 2176 570 Eupoli,
2207 479 2604 548 correctione

416 625 421 644 ν
516 592 611 667 II.
643 609 720 660 21
734 637 751 656 .
781 591 869 657 ἐπὶ
897 593 973 655 τὰ
1000 589 1174 655 αὔλια
1202 588 1388 665 ἰούσας
1414 587 1656 674 αἴρουσι,
1679 585 2034 674 legendum
2067 592 2309 674 αἱροῦσι.
2341 647 2345 657 ,
2397 583 2603 650 Nulla

514 693 653 760 fere
693 694 781 762 est
822 691 1107 760 confufio
1149 714 1294 779 quae
1330 689 1526 757 latius
1564 702 1788 778 pateat
1822 709 2021 777 quam
2057 689 2396 754 verborum
2437 685 2602 775 αἴρειν

515 808 586 860 et
619 800 809 882 αἱρεῖν,
836 815 1048 882 neque
1085 792 1215 859 dici
1234 791 1442 858 ‘facile
1477 791 1708 880 potest,
1737 802 1900 877 quot
1925 788 2036 856 ina
2063 789 2472 876 Scriptorum
2504 788 2602 854 lo-

405 896 410 901 ’
516 918 629 963 cos
658 895 1035 984 corruperit.
1128 898 1205 961 In
1236 895 1661 983 Aristophane
1687 896 1856 980 Equ.
1884 917 1944 958 v.
1977 893 2127 980 863.
2157 913 2277 978 pro
2307 891 2478 977 αἴρων
2504 891 2597 955 le-

460 1033 468 1046 ·
512 999 803 1089 gendum
830 1003 1018 1088 αῒςῶνζ
1092 998 1360 1088 Origeu.
1388 1021 1450 1066 c.
1481 997 1650 1065 Cels.
1675 1000 1755 1062 L.
1789 997 1908 1061 IV.
1938 1019 2006 1084 p.
2028 1011 2180 1082 519.
2209 999 2301 1062 A.
2328 997 2602 1078 Ἀντιφῶν

513 1107 611 1182 τὴν
647 1102 897 1189 πρόνοιαν
918 1100 1183 1191 ἀναίρεον,
1224 1102 1373 1189 lege
1410 1105 1669 1186 ἀναιρῶν.
1757 1098 1868 1165 Sic
1893 1100 2158 1164 verbum
2188 1102 2418 1185 ἐξαιρεῖν
2447 1119 2595 1163 cen-

515 1207 635 1272 ties
676 1204 741 1272 in
782 1206 1011 1290 ἐξαίρειν
1051 1217 1374 1268 mutatum
1418 1204 1507 1268 est
1527 1229 1548 1268 ε
1595 1202 1678 1268 de
1712 1224 1846 1290 quo
1876 1201 2030 1268 alibi
2058 1201 2320 1267 dicendi
2346 1201 2474 1268 erit
2501 1201 2596 1266 lo·

444 1347 449 1354 .
514 1330 655 1374 cue.
742 1321 775 1369 Ρ
792 1303 1056 1388 phrasis,
1086 1329 1230 1394 quae
1256 1304 1411 1373 huic
1440 1304 1887 1394 significationi
1913 1304 2232 1392 originem
2273 1305 2452 1370 suam
2487 1303 2594 1368 de·-

513 1411 654 1491 bet,
680 1415 825 1499 αίςιῒ
850 1416 878 1474 ὁ
908 1411 1099 1498 λόγος,
1131 1398 1203 1476 et
1239 1432 1370 1498 qua
1402 1430 1558 1475 cum
1597 1407 2098 1497 elegantiffimus
2141 1409 2431 1496 quisque,
2459 1419 2596 1472 tum

514 1513 793 1578 maxime
832 1511 1015 1578 Plato
1050 1511 1198 1578 usus
1232 1512 1343 1593 est,
1378 1509 1830 1576 librariorum
1813 1508 2061 1575 incuria
2085 1509 2362 1597 saepius'
2345 1532 2410 1574 m
2441 1513 2548 1596 ἐρεῖ
2568 1513 2592 1572 ὁ

514 1613 685 1700 λόγος
704 1625 956 1678 mutata
983 1612 1131 1694 fuit,
1160 1625 1239 1678 ut
1264 1611 1331 1677 in
1362 1611 1640 1677 Eusebio
1669 1614 1740 1677 P.
1770 1613 1849 1676 E.
1875 1612 1953 1676 L.
1979 1611 2107 1676 III.
2138 1633 2208 1699 p.
2242 1627 2389 1698 125.
2419 1609 2500 1677 C.
2531 1621 2594 1675 et

516 1715 907 1802 Origenec.
926 1713 1095 1780 Cels.
1122 1716 1205 1781 L.
1230 1715 1320 1779 V.
1348 1736 1417 1801 p.
1443 1695 1596 1800 605.
1629 1715 1703 1778 F.
1733 1726 1803 1779 et
1830 1711 2060 1778 alibiq.

600 1820 733 1886 Sed
768 1841 849 1885 ex
888 1818 1209 1920 Eupolide
1247 1819 1357 1884 alii
1396 1841 1660 1906 quoque
1695 1817 1794 1886 vel
1829 1817 2264 1906 profecerunt,
2294 1817 2395 1883 vel
2421 1817 2587 1884 colo-
2661 1875 2669 1881 .

514 1946 651 1988 rem
682 1923 1029 2002 duxerunt,
1058 1945 1115 1986 v.
1137 1944 1200 1987 c.
1231 1921 1503 1986 Lucian.
1532 1921 1922 1987 Demonact.
1953 1942 2022 2008 p.
2045 1921 2196 1985 860.
2266 1921 2496 1986 Amor.
2519 1942 2585 2044 Ρ.

516 2028 666 2113 895.
752 2024 1134 2091 Themistius
1187 2024 1373 2090 Orat.
1418 2024 1673 2088 XXVI.
1717 2045 1786 2110 p.
1825 2043 1979 2110 330.
2025 2024 2112 2088 A.
2157 2022 2334 2108 λα’·,ωυ
2377 2025 2431 2088 δὲ
2472 2024 2585 2087 κέν·

511 2141 639 2214 τρόν
681 2131 1083 2212 ἐγκαταλιπεῖν
1124 2125 1415 2210 δυναμᾶνου
1443 2125 1572 2211 arpo}
1599 2129 1796 2211 ἀρετὴν
1823 2125 2157 2189 οὐδεπώποτε
2183 2125 2586 2208 ἀπολαύσομεν.

432 2207 498 2303 9
517 2231 817 2319 Longino
857 2232 925 2296 S.
966 2231 1153 2294 XXI.
1200 2227 1456 2316 ἄκεντρος
1497 2227 1704 2292 oratio
1747 2225 1815 2291 in
1856 2225 2012 2292 vitio
2049 2224 2344 2312 ponitur,
2374 2239 2586 2292 contra

396 2397 405 2421 ἱ
513 2331 843 2412 laudatur,
866 2351 1013 2418 quae
1041 2329 1441 2416 ἂγκαταλείπει
1467 2355 1547 2393 τι.
1629 2328 1938 2416 Optimus
1966 2326 2164 2415 hujus
2197 2326 2356 2391 disti
2383 2329 2508 2394 est
2491 2350 2582 2393 m-

515 2446 760 2519 terpres
805 2432 1039 2498 Cicero
1075 2431 1179 2512 de,
1196 2432 1455 2498 Orator.
1487 2431 1567 2495 L.
1601 2431 1726 2495 111.
1775 2429 1940 2516 Cap.
1975 2447 2080 2511 24.
2175 2429 2362 2517 erus
2394 2431 2580 2514 (Peri-

513 2534 645 2614 clis)
694 2535 759 2599 in
801 2534 1015 2614 labris,
1057 2548 1279 2598 veteres
1319 2533 1540 2599 Comici
1579 2533 1757 2598 ctiam
1798 2557 1928 2598 cum
1970 2531 2069 2597 illi
2109 2531 2274 2597 male
2315 2533 2580 2614 dicerent,

514 2638 670 2726 quod
709 2650 829 2700 tum
873 2636 1127 2701 Athenis
1162 2636 1319 2723 fieri
1372 2637 1606 2718 licebat,
1661 2636 1912 2724 leporem
1955 2636 2238 2723 habitaffiz
2279 2637 2581 2713 dixerunt5

513 2751 859 2828 tantamque
894 2739 961 2802 in
1001 2762 1061 2802 eo
1092 2739 1223 2804 vim
1240 2737 1458 2827 stiffi,
1484 2751 1552 2802 ut
1588 2739 1656 2805 in
1691 2763 1885 2803 eorum
1916 2737 2221 2817 mnitibus,
2253 2740 2360 2828 qui
2386 2738 2578 2826 audis-

489 2843 662 2945 sent,
702 2844 871 2931 quast
908 2841 1133 2906 aculeos
1172 2843 1454 2931 quosdam
1479 2841 1853 2929 relinqueret.
1897 2854 1980 2908 et
1997 2841 2062 2907 in
2097 2841 2298 2907 Bruto
2336 2842 2493 2930 Cap.
2521 2865 2577 2930 9.

489 2935 740 3035 flavis,
752 2947 917 3030 ficut
933 2944 1101 3032 fuit,
1134 2945 1431 3029 (Demetr.
1465 2944 1712 3008 Phaler.
1719 2947 1742 3026 )
1776 2943 1977 3008 videri
2000 2942 2217 3008 maluit
2242 2969 2424 3033 quam
2442 2971 2579 3034 gra-

508 3047 649 3126 vis3
670 3048 792 3134 fid
809 3045 1131 3134 suavitate
1174 3070 1245 3109 ea
1282 3072 1401 3134 qua
1435 3045 1820 3136 perfimderet
1858 3046 2101 3124 animos,
2137 3069 2254 3110 non
2291 3073 2416 3135 qua
2450 3064 2575 3138 per-

486 3150 857 3236 stringeret,-
918 3160 976 3213 et
1026 3159 1259 3212 tantum
1304 3159 1377 3212 ut
1422 3146 1756 3212 memoriam
1805 3147 2208 3214 concinnitatis
2228 3148 2404 3237 suae,
2453 3175 2577 3230 non,

510 3250 995 3340 quemadmodum
1043 3250 1119 3312 de
1170 3248 1393 3312 Pericle
1426 3249 1672 3337 scripsit
1715 3248 1996 3337 Eupolis,
2039 3273 2168 3314 cum
2215 3249 2579 3316 deleaatiom

508 3350 736 3416 aculeos
773 3350 953 3414 etiam
989 3350 1345 3440 relinqueret
1381 3351 1448 3414 in
1482 3352 1700 3415 animis
1722 3359 1916 3442 'eorum
1942 3377 1981 3414 a
2009 3351 2220 3440 quibus
2249 3353 2385 3438 effet
2412 3354 2576 3420 audi-

510 3464 608 3516 tus
624 3464 671 3516 ¹.
746 3451 921 3517 Hinc
947 3451 1111 3517 πειθὼ
1138 3475 1287 3518 cum
1311 3451 1574 3540 χείλεσιν
1603 3453 1924 3534 ἐπικαθίζειν
1949 3452 2210 3532 dicitur,
2239 3455 2368 3520 fine
2396 3456 2578 3523 dubio

510 3552 595 3619 ad
634 3552 1019 3639 Eupolidem
1066 3555 1421 3642 respicitur.
1493 3555 1876 3622 Themistius
1914 3555 2099 3621 Orat.
2141 3556 2230 3621 II.
2272 3578 2341 3643 p.
2370 3575 2480 3648 37.
2509 3560 2579 3622 B.

510 3655 867 3722 Constantii
892 3656 1328 3744 eloquentiam
1359 3681 1513 3723 cum
1547 3657 1802 3723 Periclis
1831 3679 2231 3745 compamm,
2261 3659 2386 3724 ait:
2420 3665 2578 3744 Περι-

509 3763 647 3836 κλῆς
690 3762 717 3821 ὅ
762 3757 1100 3838 Ξανθίππου,
1146 3757 1207 3823 οὗ
1244 3763 1353 3834 τοῖς
1388 3759 1646 3846 χείλεσιν
1688 3760 1972 3843 ἐπεκάθιζε
2011 3759 2222 3826 Πσιθῶ.
2294 3759 2578 3826 Julianus

510 3861 693 3925 Orat.
728 3862 783 3926 Ι.
823 3882 893 3948 p.
921 3879 1031 3946 33.
1058 3859 1147 3926 A.
1177 3860 1244 3925 in
1272 3861 1504 3926 eodem
1531 3874 1918 3948 argumento
1947 3861 2214 3941 versans,
2242 3855 2580 3925 Constantii

569 4065 597 4097 1·
630 4056 823 4103 Aristot.
848 4055 1024 4104 Mirab.
1045 4055 1193 4104 Ausc.
1213 4055 1348 4104 xc1.
1599 4055 1693 4103 111.
1712 4069 1761 4117 p.
1775 4062 1888 4110 379.
1933 4053 2184 4116 Eupolidis
2202 4054 2395 4103 dicium
2414 4054 2471 4102 ad
2492 4052 2581 4100 Xe-

570 4143 595 4176 ⁴¹
627 4136 819 4184 Aristid.
836 4137 898 4184 T.
923 4136 963 4182 1.
984 4151 1035 4198 p.
1056 4145 1135 4187 58.
1157 4134 1283 4200 ιιῖςιι.
1598 4137 1906 4199 nophontem
1929 4136 2274 4183 accommodat
2299 4133 2582 4183 Quintilian.

570 4221 592 4244 ¹
613 4213 717 4263 Val-
738 4215 880 4263 Max.
892 4215 1034 4264 v111.
1052 4225 1099 4267 9.
1124 4216 1237 4264 Ext.
1252 4225 1300 4274 2.
1336 4215 1500 4262 Quin·
1596 4217 1662 4264 X.
1687 4227 1733 4264 1.
1753 4231 1803 4279 p.
1825 4225 1936 4268 903.
1959 4216 2047 4263 ubi
2071 4218 2240 4268 Burin.
2268 4217 2436 4268 laudat
2461 4214 2580 4264 Poli-

507 4291 579 4344 til.
602 4293 718 4342 ΧΠ.
746 4305 823 4344 ιο.
879 4297 1083 4346 Lucian.
1118 4298 1397 4356 Democrat.
1437 4297 1499 4345 Τ.
1597 4297 1792 4346 tianum
1814 4297 1954 4346 Misc.
1978 4297 2039 4345 C.
2062 4309 2142 4350 91.
