2850 4817
482 365 595 424 DE
634 364 838 424 SERA
875 363 1231 424 NUMINIS
1271 357 1690 424 vmmcu.
1731 381 1790 444 p.
1819 365 2058 444 549..E.
2155 431 2164 442 ‚
2192 383 2314 445 3²9
2449 387 2456 396 ·

206 521 444 590 tarch.
490 520 659 588 Adv.
702 523 909 590 Stoic.
948 544 1018 611 p.
1056 524 1245 604 1064.
1282 522 1362 587 C.
1441 521 1620 588 Plato
1662 525 1921 612 Protag.
1951 544 2021 611 p.
2051 539 2203 609 227.
2229 524 2458 590 B.22-

208 629 403 713 Leg.
435 613 517 691 L.
546 627 637 690 ΙΙ.
672 647 740 712 p.
762 626 917 711 584.
948 625 1031 692 C.
1076 626 1201 711 Ep.
1232 625 1360 689 III.
1388 645 1456 711 p.
1488 640 1639 711 703.
1669 625 1753 690 C.
1823 623 2071 693 AElian.
2105 625 2312 702 H.,A.

215 729 439 793 XIII.
476 747 579 796 12.
626 729 721 792 καὶ
749 730 807 806 δὴ
834 728 930 792 καὶ
955 727 1049 791 τὸν
1077 733 1363 810 κολοφῶγα
1390 728 1564 812 ἐπῆγε
1587 731 1670 814 τῷ
1695 725 1852 814 λόγῳ
1875 726 2052 806 τᾶπη
2077 731 2272 794 innitor
2292 753 2312 794 ι

216 829 389 918 lege
430 831 607 908 πάντη
650 835 737 893 οἰκ
740 832 868 909 εῖον,
912 828 1013 894 vel
1051 829 1215 893 πάντ-ι
1260 832 1478 894 ἐκεῖνον.
1551 828 1784 894 Liban.
1816 829 1933 895 Or.
1961 825 2217 898 XXXI.
2247 851 2315 918 p.

222 933 397 1014 648.
425 932 516 997 D.
584 931 888 998 Themist.
920 931 1036 1006 Or.
1063 932 1325 996 XXIII.
1358 952 1426 1018 Ρ.
1455 930 1602 998 288.
1627 931 1714 996 A.
1745 943 1813 997 et
1841 928 2020 996 alibi.

271 1051 481 1121 ·.549
494 1035 606 1098 Ε.
647 1033 727 1098 T}
761 1038 977 1121 γὰρ-
992 1035 1073 1097 ὃει
1110 1035 1178 1097 τὸ
1212 1032 1393 1120 τρίτον
1431 1035 1736 1120 ἐπενεγκεῖν
1772 1039 1954 1116 κῦμα,
1998 1033 2096 1098 καὶ
2136 1049 2314 1119 προσ-ἐ-

230 1134 609 1200 κατακλυσαι
668 1138 762 1199 τὸν
818 1135 1041 1222 λόγοι]
1114 1134 1452 1200 Pulchram
1511 1135 1679 1200 hanc
1731 1133 1988 1200 dicendi
2043 1135 2358 1222 figuram

238 1235 439 1304 duxit
466 1261 505 1302 a
535 1237 797 1303 Platone
824 1238 988 1325 ch.
1018 1239 1099 1302 L.
1130 1240 1215 1304 V.
1247 1258 1313 1324 p.
1340 1238 1427 1318 46
1426 1250 1495 1322 5
1525 1237 1617 1302 D.
1655 1236 1825 1322 μόγις
1848 1261 1944 1320 μοι
1967 1235 2052 1302 τὼ
2075 1237 2182 1302 ὃῦω
2211 1237 2315 1303 κό-

236 1365 393 1421 ματε
436 1339 750 1426 ἐκφυγόντι,
787 1347 875 1406 νῦν
915 1342 979 1405 τὸ
1022 1340 1293 1426 μέγιστον
1332 1340 1429 1404 καὶ
1465 1339 1878 1426 χαλεπώτατον
1903 1346 1998 1417 τῆς
2025 1336 2318 1428 τρικυμίας

238 1439 494 1527 ἐπάγεις.
580 1443 833 1508 Notum
876 1443 989 1523 est,
1022 1442 1395 1530 χειμάζεσθαι
1439 1453 1507 1506 et
1545 1441 1766 1508 fimilia
1804 1441 1886 1506 de
1916 1441 1994 1506 iis
2021 1440 2174 1521 dici,
2203 1439 2316 1528 qui

242 1543 633 1631 disputando
663 1541 998 1632 urgentur.
1083 1607 1096 1614 -

328 1662 487 1732 549.
516 1646 594 1731 Ε.
639 1652 875 1734 Πρῶτον
912 1646 1023 1727 οὖν,
1052 1645 1236 1736 &mg
1272 1651 1367 1731 ἀφ’
1394 1647 1584 1724 ἑστίας
1609 1648 1907 1735 ἀρχόμενοι
1933 1647 2196 1732 πατρώοις
2221 1652 2317 1726 τῆς

242 1747 377 1835 ”93⁵
415 1749 477 1812 τὸ
518 1749 645 1812 θεῖον
683 1748 980 1829 εὐλαβείας
1004 1757 1113 1814 τῶν
1142 1753 1196 1814 ἐν
1218 1748 1540 1836 Ἀκαδημίᾳ
1564 1751 1893 1834 φιλοσόφων,
1919 1752 1984 1814 τὸ
2010 1751 2112 1832 μὲν
2137 1752 2208 1824 ὥς
2231 1755 2314 1814 εἰ·

240 1849 395 1925 ὃότες
434 1849 495 1914 τί
536 1850 724 1936 λέγειν
761 1853 881 1938 περὶ
925 1852 1131 1918 τούτων
1172 1851 1645 1937 wimodia-eom]
1692 1853 1771 1918 Τ.
1815 1853 1901 1917 V.
1946 1852 2024 1916 B.
2053 1859 2175 1922 ·,rd'w
2213 1853 2317 1930 μὲν

240 1955 299 2016 ἐν
338 1951 687 2039 Ἀκαδημίᾳ.
775 1952 971 2021 Unde
998 1955 1100 2036 μὲν
1128 1953 1542 2022 eximendum
1571 1966 1640 2020 et
1667 1954 1778 2021 suo
1807 1952 1956 2018 loco
1980 1951 2314 2020 restituen-

244 2052 407 2118 dum
448 2052 721 2133 videtur,
758 2051 1038 2141 legendo
1078 2059 1313 2140 Πρῶτον
1344 2055 1448 2139 μὲν
1487 2053 1576 2120 οὖν
1590 2080 1611 2137 3
1657 2054 1906 2141 semper
1946 2053 2118 2120 enim
2161 2075 2315 2120 cum

242 2157 347 2240 μὲν
374 2156 663 2222 effertur
706 2154 848 2222 haec
897 2155 1195 2224 formula.
1282 2156 1540 2224 Deinde
1581 2156 2083 2241 Α1ἀ.ὀίφεστίας,
2134 2156 2170 2202 ¹¹
2187 2179 2318 2222 una

244 2281 425 2324 voce.
497 2257 719 2324 Male:
779 2257 1018 2346 ubique
1063 2260 1239 2326 enim
1293 2259 1532 2324 divifim
1584 2259 1898 2326 scribitur.
1987 2258 2314 2328 Plutarch.

244 2360 596 2428 Multitud.
627 2361 842 2426 Amic.
872 2382 940 2449 Ρ.
968 2381 1072 2449 93.
1102 2363 1192 2428 D.
1236 2367 1472 2451 Πρῶτον
1503 2363 1606 2444 μὲν
1633 2361 1742 2441 οὖν,
1771 2360 1952 2448 ὥσπερ
1981 2364 2076 2445 ἀφ’
2103 2361 2314 2444 ἑστίας,

243 2463 541 2550 ἀρξάμενοι
582 2467 677 2540 τῆς
720 2471 819 2530 τοῦ
859 2464 985 2544 βίου
1026 2463 1223 2548 φήμης.
1312 2464 1419 2530 De
1461 2463 1670 2550 primo
1712 2463 1885 2551 Frig.
1934 2485 2001 2551 p.
2043 2465 2193 2550 948.
2235 2466 2314 2546 Β.

244 2565 351 2642 De
394 2563 583 2629 Facie
622 2566 793 2629 Lun.
833 2585 901 2650 p.
936 2583 1085 2652 920.
1134 2567 1207 2630 F.
1250 2578 1320 2631 et
1358 2565 1552 2632 alibi=
1605 2559 2098 2653 frequentiffi'me
2123 2565 2314 2630 -enim

244 2664 527 2730 occurrit
565 2665 970 2752 proverbium
1009 2666 1157 2746 hoc,
1184 2667 1267 2736 de
1300 2691 1458 2755 quo,
1486 2679 1564 2732 ut
1591 2666 1748 2732 alios
1787 2679 2057 2746 taceam,
2097 2669 2312 2734 Parce-

240 2765 607 2854 miographi
650 2766 1022 2832 consulendi
1065 2767 1234 2834 sunt.
1320 2769 1642 2856 Denique,
1671 2791 1819 2834 cum
1855 2767 1937 2834 de
1960 2769 2316 2837 Academia

240 2869 553 2956 loquitur,
578 2869 787 2937 autin
813 2858 1172 2938 unibersum
1200 2870 1283 2936 ad
1313 2871 1851 2936 Academicorum
1888 2871 2090 2946 σκέψιν
2116 2868 2312 2956 respi-

244 2968 335 3037 cit
366 2971 769 3052 Plutarchus,
798 2983 876 3039 ut
904 2994 966 3036 ν.
994 2993 1055 3040 c.
1084 2973 1240 3039 Def.
1274 2973 1465 3039 Orac.
1497 2995 1565 3060 p.
1585 2993 1738 3060 431.
1765 2973 1852 3038 A.
1885 2976 1930 3036 εἰ
1956 2973 2000 3036 δ’
2030 2969 2314 3056 ἀλλαχόθι

243 3088 369 3154 πού,
412 3075 691 3160 κᾷνταῦθα
736 3079 825 3152 τῆς
869 3074 1219 3158 Ἀκαδημίας
1261 3075 1756 3158 ὑπομιμνῆσκοντες
1796 3074 2015 3147 ὅαυτοὺς
2055 3073 2122 3136 τὸ
2162 3070 2316 3158 ἄγαν
2421 3145 2428 3148 ,

242 3181 337 3252 τῆς
388 3173 626 3251 πίστεως
681 3181 1034 3263 &potuerim-cv:
1097 3191 1211 3242 aut
1260 3199 1404 3243 eam
1457 3189 1712 3243 tantum
1759 3175 1900 3264 ejus
1945 3186 2198 3262 partem
2245 3172 2314 3240 in

244 3289 465 3345 mente
502 3278 723 3357 habet,
762 3300 891 3366 qua
930 3278 1278 3365 praesertim
1320 3301 1359 3344 a
1397 3279 1590 3344 rebus
1625 3276 1876 3345 Divinis
1909 3277 2316 3344 affenfionem

243 3377 654 3458 cohibebant,
693 3390 759 3444 et
799 3377 881 3443 de
921 3378 1001 3442 iis
1038 3389 1227 3444 caute
1262 3400 1339 3444 ac
1378 3379 1746 3446 dubitanter
1774 3379 2312 3472 pronuntiabant=

242 3479 308 3542 in
353 3501 486 3567 qua
525 3479 970 3556 rePlatonem
1015 3480 1213 3546 secuti
1257 3481 1424 3559 sunt,
1457 3480 1572 3568 qui
1609 3494 1677 3547 et
1716 3479 2033 3568 Theaetet.
2066 3504 2135 3569 p.
2169 3479 2316 3560 ιαμ.

242 3583 331 3648 G.
410 3583 773 3670 Protagorae
815 3582 1287 3650 dubitationem
1333 3581 1636 3663 laudavit,
1679 3593 1748 3648 et
1787 3581 1914 3669 ipse
1963 3582 2191 3672 timide
2235 3581 2317 3648 de

239 3683 535 3761 Deorum
584 3683 954 3750 nominibus
998 3683 1281 3750 differuit
1326 3684 1393 3750 in
1448 3683 1693 3752 Phileb.
1747 3706 1818 3772 p.
1859 3701 1964 3771 72.
2007 3689 2087 3755 E.
2157 3683 2312 3752 Vid.

245 3783 557 3874 Origenes
586 3808 647 3851 c.
682 3785 852 3852 Cels.
885 3789 965 3853 L.
999 3789 1053 3852 I.
1082 3809 1150 3875 p.
1173 3806 1325 3874 343.
1356 3789 1428 3852 F.
1463 3788 1585 3854 IV.
1616 3807 1681 3873 p.
1707 3801 1861 3872 541.
1889 3788 1978 3853 A.
2003 3799 2076 3854 et
2102 3784 2314 3852 Julia-

245 3910 368 3953 nus
405 3888 520 3953 Or.
551 3888 709 3952 VII.
744 3909 815 3974 p.
847 3890 995 3974 236.
1031 3889 1123 3958 D.
1148 3900 1224 3960 ,et
1251 3889 1904 3976 sequ.-’A‹poo·aofio·⁶aa
1932 3887 2002 3954 h.
2029 3887 2077 3952 l.
2105 3887 2192 3952 est
2218 3909 2316 3950 re·

232 3977 467 4077 lig-ione
477 3988 603 4076 sthi
631 3989 782 4077 quid
806 3990 1013 4053 ducere
1043 4001 1099 4053 et
1128 4001 1413 4076 tanquam
1451 3988 1697 4078 impium
1737 3987 2031 4077 aversari,
2061 3987 2316 4053 utsub-

246 4091 397 4157 inde
430 4089 554 4157 hac
584 4111 739 4157 voce
766 4089 975 4156 utitur
1002 4090 1380 4156 Plutarchus
1408 4114 1470 4156 v.
1501 4111 1565 4156 c.
1597 4090 1742 4157 Ifid.
1771 4102 1841 4156 et
1869 4090 2026 4158 ofir.
2064 4111 2135 4178 p.
2161 4103 2316 4178 353.

1010 4312 1036 4348 ¹·
1066 4314 1241 4376 Porph.
1263 4313 1397 4364 Aba.
1420 4312 1490 4362 11.
1513 4325 1560 4362 ⁵.
1625 4355 1634 4365 .
