2850 4817
438 397 451 408 .
526 353 637 414 ns
678 353 883 413 sERA
923 329 1280 414 Numm's
1325 349 1734 414 vmmcm
1781 371 1838 432 p.
1868 352 2006 430 ⁵48·
2034 351 2107 412 Β.
2252 332 2372 432 3ό9

254 531 427 598 992.
535 513 717 580 Quin
774 513 1077 580 Latinum
1135 513 1327 583 dicere
1388 513 1476 578 est
1539 514 1848 578 Graecum
1904 512 2094 592 δίκειν,
2113 521 2124 532 ⁰
2132 511 2365 600 jacere.

259 616 619 682 Hassenus
652 615 733 681 de
761 615 1043 704 eleganti
1074 613 1189 680 usu
1218 613 1392 679 verbi
1420 616 1682 696 βάλλειν.
1771 613 2079 702 Sequitur
2105 638 2367 703 prover·
2391 651 2404 667 ν

253 716 460 782 bium
506 718 671 805 paris
716 717 814 783 vel
851 718 1065 783 dicam
1102 716 1526 804 exquifitioris
1561 718 1924 798 venustatis,
1967 717 2228 783 Βαλόντα
2264 723 2364 783 ἐκ·

253 818 533 904 φεῦγεινς,
580 819 757 907 quod
792 819 875 884 de
911 819 988 884 iis
1028 819 1291 897 dicitur,
1322 819 1436 906 qui
1473 818 1593 884 five
1635 817 1930 905 conjeao
1973 820 2038 884 in
2083 819 2363 907 aliquem

253 919 411 984 telo
467 920 837 1008 aufugiunt,
892 920 1011 985 five
1064 919 1379 1007 congestis
1428 919 1726 985 convitiis
1772 943 1922 984 eum
1967 921 2360 1008 relinquunt.

258 1020 429 1086 Hoc
474 1021 720 1086 notavit
764 1020 993 1086 Suidas
1036 1023 1115 1086 T.
1160 1024 1213 1086 Ι.
1260 1043 1325 1108 p.
1362 1039 1517 1102 414.
1571 1032 1638 1085 et
1683 1021 1979 1086 Erasmus
2027 1022 2245 1110 Adag.
2293 1045 2362 1110 p.

210 1189 223 1200 ,
264 1141 471 1189 1210.
539 1123 959 1210 Eandemque
990 1123 1307 1210 proverbii
1337 1124 1670 1188 notionem
1698 1123 1906 1205 variis,
1929 1146 2064 1190 uno
2091 1125 2358 1190 eodem-

257 1247 405 1312 que
434 1224 603 1304 loco,
630 1224 943 1312 exemplis
986 1225 1393 1290 immutatam
1424 1226 1718 1318 expreffit
1746 1226 2126 1291 Plutarchus
2153 1227 2358 1294 Discr.

260 1327 431 1391 Am.
474 1340 541 1392 et
578 1327 775 1392 Adul.
816 1349 879 1414 p.
913 1344 1020 1413 74.
1062 1329 1152 1393 D.
1193 1327 1305 1414 qui
1332 1328 1541 1407 locus,
1574 1327 1728 1394 licet
1756 1328 2226 1417 longiusculus,
2259 1329 2360 1394 vel

260 1429 424 1494 ideo
462 1429 911 1496 adscribendus
953 1430 1227 1510 videtur,
1260 1442 1337 1496 ut
1379 1433 1768 1517 cognoscere
1812 1432 2018 1519 poffis,
2050 1454 2246 1519 quam
2285 1433 2360 1498 fit

262 1531 383 1597 ille
420 1532 491 1598 in
533 1532 976 1620 excogitandis
1013 1544 1082 1598 et
1118 1534 1564 1600 coacervandis
1607 1537 2194 1623 comparationibus
2221 1536 2354 1602 ele-

262 1657 434 1722 gans
465 1647 531 1700 et
559 1636 891 1722 copiosus:
935 1637 1096 1700 Ἐπεὶ
1131 1635 1329 1716 τοίνυν,
1366 1634 1552 1724 ὥσπερ
1592 1637 1822 1724 εἴρηται,
1851 1641 2127 1716 πολλάκις
2155 1648 2184 1713 ἡ
2212 1647 2358 1727 παῤ-

260 1737 435 1823 ῥησία
463 1744 545 1824 τῷ
579 1738 979 1825 θεραπευομένῳ
1006 1743 1225 1826 λυπηςοὶ
1250 1733 1526 1825 ὖπάρχει,’
1549 1740 1629 1802 δεῖ
1651 1741 1938 1822 μιμεῖσθαι
1967 1743 2090 1816 τοὺς
2119 1742 2350 1829 ἰατρούς.

265 1839 393 1904 οὔτε
424 1847 542 1926 γὰρ
570 1843 756 1904 ἐκεῖνοι
784 1840 1067 1923 τέμνοντες
1095 1846 1149 1905 ἐν
1174 1846 1254 1927 τῷ
1279 1845 1454 1907 πονεῖν
1488 1843 1586 1905 καὶ
1625 1846 1825 1926 ἀλγεῖν
1855 1843 2260 1907 καταλείπουσι
2286 1847 2352 1908 τὸ

264 1945 545 2024 πεπονθὸς,
593 1946 727 2008 ἀλλ’
769 1942 1055 2030 ἐνέβρεξαν
1104 1952 1377 2032 προσηνῶς
1423 1945 1518 2008 καὶ
1568 1944 1928 2030 κατῃόνησαν·
1975 1943 2097 2008 οὔτε
2139 1927 2188 2008 οἶ
2227 1971 2349 2010 vove·

266 2049 534 2122 θετοῦντες
574 2045 832 2126 ἀστείως,
877 2048 940 2109 τὸ
982 2047 1172 2132 πικρὸν
1208 2048 1303 2111 καὶ
1343 2045 1592 2124 δηκτικδν
1633 2046 2080 2132 προσβάλλοντες
2107 2047 2348 2136 ἀποτρέ-

260 2172 496 2232 χουσιν,
527 2149 661 2211 ἀλλ’
693 2146 931 2230 ὁμιλίαις
960 2147 1168 2230 ἑτέραις
1198 2149 1291 2212 καὶ
1322 2146 1512 2232 λόγοις
1538 2147 1828 2211 ἐπιεικέσιν
1867 2146 2222 2233 ἐκπραΰνουσι
2251 2150 2348 2212 καὶ

265 2250 583 2336 διαχέουσι,
629 2248 811 2338 ὥσπερ
864 2256 911 2314 oi
958 2250 1189 2328 λιθοξόοι
1234 2254 1307 2314 τὰ
1354 2249 1646 2336 πληγέντα
1693 2251 1790 2314 καὶ
1839 2249 2198 2338 περικοπέντα
2238 2258 2350 2316 τῶν

263 2352 626 2436 ἀγαλμάτων
654 2351 1043 2426 ἐπιλεαίνοντες
1079 2353 1173 2414 καὶ
1211 2358 1520 2436 γανοῦντες·
1569 2357 1596 2415 ὁ
1625 2353 1680 2414 δὲ
1705 2352 1939 2437 πληγεὶς
1965 2352 2066 2435 μὲν
2101 2358 2169 2440 τῇ
2199 2359 2346 2440 παῤ-

265 2455 431 2540 ῥησίᾳ
475 2455 570 2517 καὶ
606 2455 948 2540 χαραχθεὶς,
986 2455 1193 2536 ἀφεθεὶς
1230 2455 1285 2517 δὲ
1320 2456 1539 2540 τραχὺς
1583 2455 1678 2518 καὶ
1719 2458 1867 2518 οἰδῶν
1910 2459 2008 2520 καὶ
2051 2455 2349 2538 ἀνώμαλος

264 2558 349 2618 ὑπ’
393 2559 581 2642 ὀργῆς,
619 2557 1028 2635 δυσανάκλητος
1054 2555 1202 2631 αὖθίς
1234 2561 1353 2620 ἐστι
1383 2559 1480 2622 καὶ
1511 2553 2014 2644 δυσπαρηγόρητος.
2100 2559 2205 2622 Διὸ
2250 2560 2348 2622 καὶ

263 2663 425 2720 τοῦτο
482 2660 561 2720 δεῖ
606 2659 900 2738 φυλάττειν
951 2662 1004 2722 ἐν
1050 2663 1163 2733 τοῖς
1212 2658 1476 2741 μάλιστα
1521 2660 1644 2733 τοὺς
1694 2661 2064 2734 νουθετοῦντας
2120 2661 2216 2723 καὶ
2269 2663 2348 2743 μὴ

265 2759 683 2846 προαπολείπειν
738 2761 844 2844 (fic
891 2760 1063 2825 enim
1111 2760 1372 2848 legend.
1422 2783 1542 2848 pro
1586 2767 1860 2847 προσαπ.)
1908 2763 2058 2844 μηδὲ
2083 2763 2348 2826 ποιεῖσθαι

264 2862 435 2950 πέρας
484 2869 580 2940 τῆς
631 2861 852 2946 ὁμιλίας
907 2863 999 2926 καὶ
1049 2862 1336 2938 συνουσίας
1384 2865 1448 2926 τὸ
1499 2872 1698 2929 λυποῦν
1751 2865 1850 2927 καὶ
1891 2865 2184 2947 παροξύνον
2224 2867 2348 2940 τοὺς

264 2965 523 3044 συνήθεις.
614 2965 742 3030 Sed
786 2965 957 3030 idem
1001 2967 1409 3052 proverbium
1438 2965 1732 3051 pluribus
1761 2965 1920 3030 locis
1949 2963 2120 3030 vario
2149 2969 2347 3044 modo

262 3065 691 3153 frequentavit
712 3081 781 3132 et
802 3067 1037 3131 illustre
1062 3065 1336 3132 reddidit
1356 3066 1764 3154 ingeniorum
1789 3067 2109 3152 princepe,
2139 3067 2342 3133 Plato.
2447 3091 2458 3106 ²

265 3173 363 3234 Ex
404 3193 538 3256 quo
574 3171 842 3256 perenni
882 3169 1347 3257 elegantiarum
1392 3170 1572 3234 fonte
1617 3192 1768 3235 cum
1811 3181 1879 3233 et
1916 3167 2092 3232 hunc
2128 3169 2345 3234 locum

264 3271 443 3336 velut
486 3271 766 3337 rivulum
807 3271 1105 3336 derivarit
1150 3270 1552 3348 PlutarchuS,
1590 3270 1849 3336 uberius
1893 3269 1974 3334 de
2019 3270 2144 3335 hoc
2187 3293 2343 3357 pro-

268 3374 489 3438 verbio
538 3373 992 3460 exponendum
1037 3367 1310 3436 videtur.
1402 3373 1702 3437 Imitatus
1754 3371 1957 3459 igitur
2007 3374 2094 3436 est
2141 3357 2346 3439 noster

265 3478 599 3542 Platonem
647 3477 941 3564 Sympos.
988 3496 1055 3561 p.
1096 3493 1248 3560 322.
1289 3475 1377 3540 A.
1426 3473 1664 3537 ἰΒοιλών
1705 3499 1802 3558 γε,
1847 3471 1891 3538 ὦ
1932 3475 2344 3561 Ἀριστόφανες,

261 3580 356 3644 οἴει
402 3581 795 3660 ἐκφεύξεσθαι;
843 3601 973 3664 quo
1012 3578 1279 3664 respexit
1306 3578 1502 3642 etiam
1532 3575 1836 3642 Aristides
1864 3577 1942 3641 T.
1975 3579 2064 3642 11.
2097 3599 2164 3664 p.
2198 3595 2341 3664 115.

262 3684 360 3746 καὶ
412 3683 505 3746 τὸν
552 3682 804 3758 βαλόντα
843 3687 921 3763 μὴ
965 3683 1067 3744 δεῖν
1112 3678 1416 3766 ἐκφεύγειν.
1503 3680 1682 3746 Ante
1729 3679 1911 3744 illum
1962 3679 2086 3745 hac
2136 3681 2347 3746 forma

260 3786 411 3849 usus
442 3785 529 3848 est
560 3783 895 3870 Euripides
926 3782 1159 3847 Alcest.
1194 3784 1278 3847 vs.
1311 3786 1463 3847 680.
2199 3803 2202 3808 ·

506 3881 704 3971 Ἀγαν
732 3888 793 3969 μ’
824 3884 1055 3971 ὑβρίζεις
1080 3886 1175 3948 καὶ
1207 3885 1414 3959 νεανίας
1440 3884 1641 3970 λόγους

514 3986 750 4052 Ῥίπτων
777 3989 829 4060 ἐς
858 3990 1023 4068 ἡμᾶς,
1054 3989 1113 4050 οὐ
1140 3985 1335 4066 βαλὼν
1364 3985 1530 4060 οὕτως
1559 3985 1707 4050 ἄπει.

260 4091 417 4159 Duo
456 4091 603 4156 sunt
638 4101 951 4176 praeterea
986 4088 1116 4153 loci
1155 4088 1465 4168 PlatoniS‚
1495 4088 1605 4174 qui
1643 4111 1720 4153 ex
1747 4087 1974 4152 eodem
2003 4085 2405 4176 proverbio7

748 4301 763 4334 ⁵
794 4303 925 4352 Hinc
949 4301 1273 4362 inproverbia
1294 4299 1458 4350 retulit
1477 4300 1664 4349 Zenob.
1687 4300 1751 4349 11.
1779 4308 1856 4356 71.

1240 4399 1359 4463 X3
