2850 4817
503 417 661 496 *306
818 418 900 479 n.
940 397 1038 477 'w.
1079 415 1475 478 ANIMADV.
1515 413 1608 474 IN
1648 411 2122 474 PLUTARCffl
2159 412 2320 473 Lm.

540 574 844 665 Lampria
878 575 1034 658 filio,
1064 575 1420 664 Epicureos
1449 585 1882 662 oppugnarat,
1913 571 2473 638 continuationem
2503 570 2634 636 effe

542 679 799 746 credam
824 705 843 744 z
887 679 954 744 in
997 701 1193 766 quam
1237 677 1434 744 etiam
1474 661 1853 742 sententiam
1899 674 2044 742 Cel.
2092 675 2418 740 Reiskium
2455 696 2632 740 con·

459 824 469 841 ι
543 782 771 850 cedere
795 780 1001 848 video.
1090 781 1197 848 Sic
1224 804 1357 854 non
1387 781 1683 861 mutilus,
1711 779 1820 846 sed
1856 778 2162 844 omnibus
2194 777 2490 865 partibus
2521 777 2630 840 in-

545 894 729 972 teger
755 883 1013 950 libellus
1042 884 1129 948 est
1152 882 1514 948 habendus..
1615 939 1626 952 ,
1959 881 1966 888 ’

626 985 885 1052 Deinde
914 992 941 1050 ὁ
966 985 1289 1072 Ἐπίκουρος
1318 985 1427 1051 hic
1455 999 1630 1050 certe
1661 984 1912 1050 nullum
1939 982 2159 1049 locum
2189 983 2411 1048 habet.
2483 983 2636 1047 Ne-

546 1111 673 1177 que
718 1088 892 1154 enim
924 1087 1005 1154 de
1028 1088 1299 1174 antiquo
1336 1085 1452 1152 illo
1491 1109 1592 1152 res
1634 1087 1766 1174 ipsa
1791 1085 2078 1174 cogitare
2106 1085 2270 1166 finit,
2299 1107 2513 1172 neque
2546 1084 2633 1148 de

546 1190 900 1258 recentiore
934 1211 1221 1278 unquam
1259 1188 1402 1276 ejus
1448 1188 1634 1256 sectae
1675 1210 1754 1252 ac
1796 1187 2076 1254 nominis
2105 1186 2391 1268 homine,
2423 1187 2534 1252 vel
2561 1187 2632 1252 in

546 1291 798 1380 scriptis
834 1292 1141 1380 legimus,
1178 1289 1281 1357 vel
1319 1289 1519 1358 fando
1551 1290 1929 1356 audivimus.
2019 1289 2264 1369 Potius,
2309 1313 2456 1378 quae
2501 1293 2632 1355 Fa-

546 1395 731 1462 bricii
752 1396 835 1460 est
857 1394 1250 1482 conjectura,
1272 1394 1654 1481 Ἐπικούρειος,
1664 1391 1899 1481 scripfit
1921 1393 2320 1459 Plutarchus.
2363 1393 2630 1460 Quam-

548 1487 743 1586 quam
772 1519 855 1562 ne
880 1496 1007 1563 hoc
1031 1496 1295 1584 quidem
1326 1496 1474 1562 satis
1500 1496 1735 1582 placet.
1821 1495 1965 1562 Sive
2003 1495 2176 1562 enim
2219 1495 2632 1561 continuatio

427 1587 439 1592 ’
483 1608 531 1666 4
548 1597 657 1666 hic
695 1598 863 1664 liber
904 1599 991 1664 est
1025 1597 1376 1686 deperditae
1420 1597 1897 1684 disputationis,
1925 1618 2073 1683 quae
2115 1595 2445 1684 praeceffit,
2471 1619 2632 1662 vero

550 1701 815 1767 nomine
857 1699 1203 1766 hominem·
1234 1699 1670 1786 disputantem
1713 1697 2072 1776 induxisset,
2109 1711 2186 1764 ut
2228 1697 2382 1764 fecit
2424 1697 2588 1764 alibi
2601 1723 2626 1777 ,ε

548 1805 668 1871 five
708 1804 962 1892 integer
1006 1803 1095 1867 est
1137 1801 1417 1883 libellus,
1461 1801 1561 1867 vel
1604 1802 1684 1867 fic
1729 1815 1944 1866 tamen
1991 1800 2322 1889 proprium
2361 1800 2630 1888 aliquod

495 1919 499 1927 '
550 1928 789 1972 nomen
819 1904 1129 1991 requiras.

634 2009 785 2094 548.
814 2009 903 2072 A.
936 2003 1027 2070 Ὦ
1069 2005 1263 2092 Kame]
1316 2005 1423 2072 Sic
1467 2026 1694 2075 omnes
1735 2003 2094 2084 Editiones,
2124 2016 2191 2069 et
2219 2004 2414 2070 MSS.
2445 1993 2625 2072 Voff.

517 2126 617 2180 ‘et
648 2112 831 2178 Harl.
882 2110 1009 2178 Sed
1036 2109 1205 2178 Coll.
1238 2109 1498 2175 Schott.
1521 2122 1591 2173 et
1609 2109 1688 2173 T.
1710 2109 1796 2176 V.
1823 2109 1901 2174 B.
1930 2101 1976 2171 ὦ
2003 2106 2203 2192 Κύρνε.
2259 2106 2436 2171 Mihi
2463 2130 2626 2172 neu-

552 2228 723 2282 trum
754 2213 991 2301 placet,
1022 2224 1091 2278 et
1124 2211 1446 2278 adsentior
1475 2209 1723 2276 Reiikio
1749 2208 2102 2296 corrigenti
2131 2209 2308 2302 Κύντε
2333 2209 2366 2256 d
2379 2209 2624 2296 Quinte.

551 2317 731 2384 Huic
777 2314 953 2382 enim
998 2326 1067 2379 et
1116 2313 1173 2402 ej
1183 2337 1259 2379 us
1302 2313 1486 2378 fratri
1537 2311 1818 2400 Nigrino
1874 2307 2168 2378 libellum
2217 2313 2291 2377 de
2338 2313 2627 2377 Fraterno

488 2437 499 2446 ‘
548 2421 764 2488 Amore
804 2416 1123 2484 dedicavit
1166 2416 1571 2486 Plutarchus,
1657 2429 1685 2460 e
1707 2414 1898 2479 Illum
1937 2415 2221 2480 eundem
2256 2415 2376 2482 effe
2401 2416 2629 2480 volunt

552 2523 670 2588 viri
708 2519 882 2586 docti
924 2542 1076 2585 cum
1120 2541 1225 2600 e0,
1264 2518 1454 2606 cujus
1490 2516 1738 2584 nomini
1771 2517 2124 2606 Nigrinum
2161 2517 2497 2606 dialogum
2523 2518 2626 2582 in-

552 2623 795 2710 scripfit
820 2622 1171 2688 LucianuS.

636 2725 791 2810 548.
820 2713 898 2788 Β.
923 2725 1053 2810 πρὸς
1078 2723 1359 2802 ἀλλήλους
1386 2722 1818 2809 διαβλέψαντες]
1857 2721 2116 2788 Plut.‘1.
2149 2743 2339 2789 1011.
2367 2725 2460 2790 D.

504 2875 509 2882 -
638 2826 792 2912 548.
822 2827 901 2892 B.
945 2823 1346 2912 Πατροκλέας]
1401 2827 1467 2890 Is
1495 2846 1699 2912 gener
1723 2824 1850 2889 fuit
1879 2824 2232 2907 Plutarchi,
2265 2825 2442 2912 quod
2469 2847 2625 2890 con-

556 2930 673 2994 stat
706 2951 785 2994 ex
822 2928 1118 3016 Sympos.
1157 2931 1237 2992 L.
1268 2928 1425 2993 VII.
1453 2951 1520 3016 p.
1549 2943 1700 3012 700.
1731 2930 1810 2994 E.
1842 2927 1953 2993 ubi
1983 2949 2133 2993 eum
2166 2927 2514 3016 Πατροκλέα
2537 2929 2626 2992 τὸν
2669 2916 2674 2921 ¹

526 3073 539 3102 ,·
552 3034 815 3118 γαμβρὸν
842 3030 1562 3118 vocat.—-Xylander
1589 3030 1810 3096 mallet
1837 3029 1966 3096 hoc
1993 3030 2150 3102 loco,
2169 3036 2507 3119 Πατροκλῆς
2531 3030 2622 3095 le-

553 3157 731 3222 gere.
822 3134 1045 3215 Certe3
1072 3147 1148 3199 ut
1176 3161 1207 3198 υ
1235 3144 1305 3200 et
1330 3161 1373 3197 α
1400 3133 1630 3219 saepius
1665 3132 2184 3213 confunduntur,
2217 3133 2302 3198 fic
2337 3135 2466 3200 hoc
2507 3157 2622 3199 no-

554 3246 707 3321 men
736 3236 847 3302 hic
874 3237 1240 3325 Πατςοκλεὺς
1269 3235 1676 3302 scribendum
1702 3234 1979 3316 videtur,
2011 3248 2086 3300 ut
2113 3236 2180 3300 in
2212 3238 2622 3324 FragmentO,

555 3337 732 3425 quod
770 3337 854 3403 ad
900 3337 1164 3404 calcem'
1188 3336 1660 3416 exhibebimus,
1701 3337 1873 3403 idem
1918 3350 2206 3403 vocatur.
2293 3345 2626 3427 Πατροκλῆς

555 3439 819 3527 quidam
868 3439 1169 3504 laudatur
1214 3439 1391 3526 apud
1441 3439 1775 3506 Stobaeum
1820 3440 1888 3504 S.
1937 3439 2148 3506 CXV.
2203 3462 2272 3527 p.
2309 3456 2462 3529 592.
2521 3443 2625 3508 ubi

556 3540 823 3607 Grotius
866 3563 945 3606 ex
984 3539 1155 3606 cod.
1199 3540 1395 3606 Paris.
1439 3540 1529 3608 A.
1572 3540 1906 3606 annotavit
1947 3545 2308 3629 Μητροκλῆς.
2399 3549 2627 3631 Πατρο-

557 3641 729 3718 κλέας
756 3643 845 3707 est
870 3642 1057 3730 apud·
1074 3640 1584 3728 Xenophontem
1619 3641 1783 3707 Hist.
1817 3643 1935 3710 Gr.
1964 3644 2046 3707 L.
2073 3644 2195 3712 VI.
2213 3657 2284 3728 5,
2309 3645 2373 3710 8.
2459 3645 2626 3734 Quin

556 3744 731 3810 idem
787 3766 1025 3809 nomen
1082 3742 1352 3808 subinde
1409 3743 1749 3831 Πάτροκλος
1805 3743 2122 3837 scribitur,
2165 3759 2242 3811 ut
2284 3769 2365 3812 ex
2417 3746 2626 3814 Schol.

558 3849 835 3912 Homer.
870 3845 951 3910 Il.
980 3848 1061 3908 A.
1086 3859 1240 3930 337.
1270 3857 1459 3910 notat
1487 3847 1555 3910 J.
1585 3844 1802 3910 Davis.
1833 3845 1917 3924 ad
1950 3845 2161 3912 Cicer.
2191 3848 2383 3912 Tusc.
2417 3848 2508 3913 II.
2533 3861 2627 3932 15.

558 3946 689 4014 Sed
731 3947 796 4012 in
841 3946 983 4034 ejus
1028 3946 1255 4011 formae
1300 3946 1668 4012 nominibus
1713 3960 1850 4012 tam
1893 3947 1962 4012 in
2006 3946 2241 4033 plurali
2283 3967 2478 4036 quam
2517 3949 2631 4012 fin-

555 4049 764 4139 gulari
803 4069 1072 4115 numero
1116 4049 1419 4136 frequens
1462 4049 1549 4115 est
1590 4048 1896 4116 confufio.
1939 4044 2126 4118 'Vid.
2155 4053 2219 4117 J.
2249 4053 2325 4117 F.
2355 4053 2625 4118 Gronov.

622 4277 647 4310 δ
680 4278 872 4328 Quintus
903 4295 1089 4331 nomen
1118 4283 1249 4332 varic
1275 4283 1497 4332 scribitur
1515 4297 1547 4331 a
1707 4288 1730 4314 ⁸
1759 4283 1824 4330 Et
1853 4281 2176 4343 proculdubio
2204 4283 2289 4334 ine
2317 4286 2386 4332 est
2414 4283 2498 4344 qui
2532 4297 2630 4332 me-

414 4429 419 4434 ·
561 4356 744 4407 Grecis
763 4359 911 4409 Wefl'.
934 4362 1000 4410 D.
1023 4363 1074 4412 S.
1093 4363 1134 4412 1.
1152 4371 1264 4414 5³0.
1286 4364 1383 4426 seq.
1644 4371 1862 4411 moratur
1882 4363 2057 4426 Symp.
2081 4365 2150 4414 11.
2174 4375 2217 4413 1.
2239 4379 2291 4427 p.
2310 4373 2422 4414 682.
2447 4365 2504 4412 Α.
