2850 4817
628 344 737 418 ru
810 341 815 344 ·
902 327 980 384 D.
1023 325 1119 384 W.
1162 323 1552 388 ANIMADV.
1595 325 1685 383 ΙΝ
1726 323 2196 384 PLUTARCHI
2235 324 2392 386 LlB.

515 541 522 548 .
570 517 581 530 .
616 486 744 556 Sed
782 484 949 550 idem
992 482 1347 549 institutum
1376 483 1586 548 tenuit
1616 483 1984 550 Aristoteles
2011 497 2079 549 et
2103 483 2710 572 Theophrastus—.

614 591 721 654 De
750 586 851 650 his
876 583 1107 649 Theon
1138 583 1429 670 Sophista
1458 584 1524 648 in
1557 586 1904 672 Progymn.
1907 593 1912 604 '
1937 583 2098 671 Cap.
2117 587 2222 649 -ΙΙ.
2253 607 2319 676 Ρ.
2343 606 2466 654 2ο.
2448 613 2465 628 ·
2495 615 2707 676 naga·

614 669 898 774 δείγματα
932 689 987 750 δὲ
1019 692 1128 764 τῆς
1142 695 1248 751 τῶν
1276 685 1470 752 θέσεων
1498 687 1815 772 γυμνασίας
1844 679 2094 766 λαβεῖν’
2073 690 2194 751 εστι
2229 689 2384 774 παρά
2425 716 2488 753 τε
2529 692 2708 777 ’-Αρι
2806 769 2807 774 ¹

614 792 930 864 στοτέλους
946 791 1040 854 καὶ
1080 779 1466 878 Θεοφράστου·
1491 793 1702 854 πολλοὶ
1725 790 1842 876 γάρ
1869 793 2018 852 ἐστιν
2045 793 2224 854 αὐτῶν
2249 791 2462 870 βιβλία
2493 792 2705 856 θέσεων

562 931 571 950 =
616 889 1072 982 ἔπεγςαφόμεναμ
1137 894 1285 958 Huc
1330 893 1607 979 pertinet
1643 892 1804 957 illud
1841 891 2238 978 Hippolochi
2264 894 2441 980 apud
2469 879 2702 960 Athe·
2806 881 2807 954 Ῐ

614 1012 831 1060 naeum
878 997 996 1060 IV.
1044 1016 1109 1081 Ρ.
1146 1014 1292 1080 130.
1340 995 1433 1059 Ε.
1481 995 1710 1058 σεαυτὸν
1753 994 2130 1077 εὐδαιμονίζεις
2155 999 2273 1070 τοὶς
2317 995 2702 1080 Θεοφράστου

618 1094 1043 1172 θέσεις-ἀκούων.
1106 1095 1257 1160 Sic
1240 1119 1303 1159 m
1336 1095 1690 1160 Academia
1717 1099 1816 1173 τὴν
1843 1094 1986 1159 θέσιν
2011 1102 2108 1159 τοῦ
2139 1097 2510 1182 Ξενοκράτους
2541 1101 2698 1186 sign·
2806 1085 2807 1094 ἵ

584 1241 589 1250 ι
616 1199 773 1272 κότος
808 1196 979 1284 apud
1025 1195 1440 1262 Plutarchum
1471 1195 1814 1282 Apophth.
1844 1199 2086 1262 Lacon.
2118 1219 2182 1284 Ρ.
2216 1217 2362 1266 220.
2393 1197 2484 1262 D.
2579 1199 2699 1264 Li·

616 1303 767 1368 bros
790 1299 990 1363 θέσεων
1024 1289 1381 1363 Aristotelis
1424 1320 1500 1362 ac
1535 1297 1954 1384 Theophrasti
1984 1320 2024 1362 a
2048 1300 2391 1364 Veteribus
2431 1323 2694 1366 memo.-

616 1413 789 1474 ratos
816 1400 1010 1465 refert
1041 1399 1363 1467 Fabricius
1392 1401 1468 1464 Β.
1502 1401 1589 1465 G.
1621 1401 1712 1464 11.
1743 1392 2160 1487 p.191',221.9.
2251 1402 2462 1466 Etiam
2507 1403 2693 1466 sum-

618 1524 744 1568 mae
772 1511 841 1567 et
864 1501 1251 1589 argumenti
1254 1500 1602 1566 breviffima
1623 1500 1990 1582 declaratio,
2016 1517 2092 1568 ut
2119 1502 2438 1589 hodieque
2467 1504 2548 1567 fic
2577 1527 2694 1568 an-

617 1604 888 1692 tiquitus
930 1601 1263 1669 dicebatur
1288 1603 1526 1669 theiis:
1577 1601 1770 1668 veluti
1798 1603 1924 1668 illae
1951 1605 2322 1716 quaestiones
2353 1605 2692 1688 Ciceronis

616 1705 824 1773 Attio.
857 1707 977 1770 IX.
1008 1726 1075 1788 4,
1106 1729 1176 1792 9
1376 1747 1386 1758 ,

702 1809 853 1894 328.
886 1807 963 1872 C.
1010 1807 1264 1894 Κριτίαι,
1290 1751 1676 1890 ῩΑλκιβιάὸαι,
1708 1811 2146 1894 Κλειτοφῶντες]
2181 1810 2443 1898 Dialogi
2474 1812 2689 1876 Plato-

618 1911 720 1976 nis
751 1911 995 1977 ex‘stant
1031 1910 1264 1976 horum
1308 1911 1591 1999 inscripti
1635 1913 2042 1980 nominibus.
2089 1914 2223 1978 duo
2261 1913 2502 2000 priores
2529 1911 2687 1978 clari

620 2015 769 2081 sunt
794 2015 1114 2095 homineS,
1136 2014 1309 2080 tertii
1334 2015 1661 2080 obscurior
1687 2017 1774 2080 est
1803 2017 1992 2083 fama.
2687 2057 2694 2064 -

700 2119 853 2205 328.
880 2119 959 2184 C.
983 2117 1742 2205 Ὑρκανοὺς-κατεσθίουσι]
1774 2119 2022 2185 Dubito
2045 2141 2126 2183 an
2147 2117 2288 2184 haec
2314 2117 2396 2182 de
2423 2117 2689 2206 fingulis

618 2220 872 2309 populis
902 2219 1199 2284 historica
1224 2219 1560 2306 diligentia
1587 2220 2117 2306 pronuncientur.
2179 2219 2375 2307 Quod
2407 2218 2682 2306 Sogdia·

615 2325 714 2388 nis
757 2337 825 2388 et
856 2320 1115 2408 Scythis
1156 2319 1283 2386 hoc
1328 2321 1478 2386 loco
1502 2321 1844 2400 tribuitur,
1893 2321 2138 2408 Caspiis
2183 2320 2408 2386 tribuit
2453 2321 2689 2385 Strabo·

620 2427 741 2488 XI.
768 2423 841 2509 Ῥ.
875 2425 1023 2508 787.
1054 2423 1144 2488 Α..
1192 2422 1580 2510 Porphyrius
1616 2425 1722 2488 De
1748 2424 1995 2490 Abstin.
2023 2425 2140 2490 IV.
2177 2441 2250 2490 21
2279 2447 2294 2486 ε
2343 2428 2688 2511 ἱστοροῦνται

614 2534 747 2612 γοῦν
780 2524 1175 2612 Μασσαγέται
1204 2523 1309 2590 ’καὶ
1349 2526 1616 2610 Δέρβικες
1657 2527 2028 2603 ἀθλιωτάτους
2063 2527 2312 2613 ἡγεῖσθαι
2341 2535 2450 2591 τῶν
2477 2525 2694 2590 οἲκείων

614 2629 739 2702 τοὺς
766 2627 1109 2710 αὐτομάτους
1135 2628 1592 2706 τελευτήσαντας·
1637 2631 1712 2693 διὸ
1743 2629 1838 2693 καὶ
1867 2629 2168 2714 φθάσαντες
2197 2629 2560 2695 καταθύουσιν
2589 2630 2686 2692 καὶ

614 2735 903 2814 ἑστιῶνται
940 2735 1049 2792 τῶν
1080 2727 1359 2812 φιλτάτων
1398 2729 1524 2804 τοὺς
1559 2729 1968 2817 γεγηρακότας.
2038 2726 2350 2818 ,Τιβαρηνοὶ
2389 2731 2444 2792 δὲ
2481 2733 2685 2812 ζῶντας

614 2829 1141 2919 κατακρημνίζουσιν
1166 2831 1289 2906 τοὺς
1317 2834 1618 2920 ἐγγυτάτω
1635 2831 1932 2918 γέροντας.
2017 2835 2122 2898 De
2151 2831 2525 2920 Mass'agetis
2543 2831 2685 2919 jam

618 2933 993 3000 Herodotus
1033 2935 1087 2998 Ι.
1130 2937 1279 3002 216.
1324 2933 1545 3020 paulo
1561 2933 1816 3015 diverse,
1855 2947 2072 3000 tamen
2111 2933 2464 3022 significans
2503 2948 2572 3000 et
2608 2933 2688 3000 de

616 3032 737 3101 his
761 3035 1049 3102 moribus
1090 3057 1203 3100 eos
1238 3059 1279 3101 a
1312 3035 1558 3102 Graecis
1599 3058 1930 3161 perperam
1979 3037 2062 3102 ad
2105 3035 2380 3124 Scythas
2421 3035 2681 3100 referri:

538 3209 543 3214 ,
616 3143 643 3201 ὁ
679 3141 795 3224 γοὶρ
839 3138 1061 3212 Σκύθας
1098 3137 1236 3220 φασι
1267 3135 1543 3215 ’Έλληνες
1581 3139 1794 3217 ποιέειν,
1835 3142 1894 3201 οὔ
1931 3137 2144 3204 Σκύθαι
2185 3138 2288 3201 εισὶ
2333 3164 2382 3200 οι
2421 3137 2688 3211 ποιέοντες

612 3243 771 3303 ἀλλὰ
799 3237 1219 3324 Μασσαγέται·
1224 3242 1470 3302 -έπεοὶν
1498 3240 1553 3302 δὲ
1579 3241 1756 3327 γέρων
1781 3239 2008 3324 γένηται
2037 3240 2220 3326 κάρτα
2247 3245 2295 3303 οι
2323 3238 2686 3327 προσήκοντές

612 3347 661 3404 οἶ
700 3338 899 3414 πάντες
941 3339 1277 3414 συνελθόντες
1316 3339 1502 3404 θύουσί
1537 3366 1654 3423 μιν,
1700 3342 1794 3404 καὶ
1837 3340 1996 3408 ἄλλα
2037 3341 2296 3428 πρόβατα
2339 3340 2482 3424 ἅμα
2505 3345 2681 3426 αὐτῷ·

612 3442 916 3521 ἑψῆσαντες
938 3443 1097 3505 &ima
1124 3441 1285 3529 κςέα,
1316 3443 1780 3528 κατευωχέονται.
1833 3449 2036 3508 Ταῦτα
2057 3445 2156 3526 μὲν
2177 3446 2236 3522 δὴ
2255 3449 2332 3507 τοὶ
2357 3441 2686 3524 ὀλβιώτατά

612 3561 712 3627 σφι
762 3542 1094 3625 νενόμισται.
1142 3544 1145 3548 ’
1178 3546 1289 3607 Τὸν
1340 3546 1395 3608 δὲ
1446 3544 1619 3631 νούσῳ
1666 3545 2080 3624 τελευτήσαντα
2123 3550 2184 3610 οὖ
2230 3545 2704 3625 κατασιτέονται,,

608 3649 768 3711 ἀλλὰ
807 3650 885 3731 γῇ
932 3643 1338 3734 κςύπτουσι-.
1429 3647 1704 3712 Fortaffe
1747 3669 1826 3712 ex
1867 3648 2092 3714 eodem
2123 3648 2334 3735 capite
2363 3649 2686 3712 fluxerunt

610 3769 757 3834 quae
797 3745 865 3810 in
902 3745 1029 3811 hoc
1062 3747 1387 3812 Plutarchi
1412 3746 1559 3812 loco
1585 3747 1668 3812 de
1696 3747 2056 3814 Arachosiis
2083 3760 2152 3813 et
2180 3748 2681 3836 Hyrcanis-nar-

484 3935 493 3944 ‘
610 3853 870 3928 rantur3
922 3846 1227 3933 fiquidem
1276 3848 1676 3926 Herodotus,
1721 3851 2154 3942 promiscuum
2201 3871 2351 3914 cum
2401 3849 2694 3915 mulieri-

609 3952 731 4017 bus
758 3948 1037 4015 coeundi
1056 3950 1241 4014 usum
1262 3963 1327 4014 et
1350 3949 1630 4034 σπείρουσι
1651 3952 1706 4014 δὲ
1733 3952 1902 4032 οὐδὲν,
1920 3955 2078 4016 ἀλλὰ
2097 3952 2208 4016 άπὸ
2231 3950 2472 4030 νιετηνέοιονΙ
2487 3950 2682 4032 ζώουσι

609 4079 707 4116 και
732 4049 953 4140 ἰχθύων,-
978 4051 1133 4116 item
1160 4051 1241 4116 de
1264 4051 1635 4139 Mafl'agetis
1659 4048 1838 4119 dicit.
1896 4054 2002 4118 De
2031 4051 2400 4140 Massagetis
2422 4065 2492 4116 et
2510 4053 2682 4118 Der-

605 4153 859 4218 bicibus
898 4153 1120 4218 eadem
1150 4175 1229 4218 ex
1260 4151 1564 4240 Porphy
1518 4175 1614 4217 no
1655 4152 1846 4219 refert
1885 4154 2322 4242 Hieronymus
2361 4152 2533 4218 Adv.
2563 4154 2676 4219 Jo-

606 4255 841 4320 vinian.
886 4257 973 4321 ΙΙ.
1004 4278 1072 4343 p.
1102 4272 1212 4342 53.
1253 4251 1333 4321 E.
1407 4239 1854 4322 Theodoretus
1893 4259 2100 4323 Serm.
2145 4258 2264 4322 IX.
2305 4278 2375 4344 p.
2405 4259 2555 4341 615.
2593 4258 2676 4322 A.
