2850 4817
350 337 653 398 ATHEN.
696 336 969 396 BELLO
1010 337 1121 396 AN
1161 336 1458 398 Doc'm.
1501 337 1732 400 cLAR.
1771 355 1832 420 p.
1861 349 2000 417 351.
2027 340 2095 400 A.
2183 359 2294 422 157

225 522 389 562 ovo-ne.
441 493 935 612 ‘Quinctilianus
964 495 1171 562 Instit.
1202 497 1317 563 Or.
1344 497 1435 562 X.
1463 517 1550 580 4.
1532 522 1550 540 ·
1597 498 2043 588 Panegyricum
2069 503 2300 590 Ueoea-

226 599 319 679 tis,
348 621 456 688 qm
441 596 825 688 ‘parcffme,
854 600 1049 664 decem
1074 599 1253 664 annis
1278 601 1483 665 dic-mu
1511 599 1892 670 elaboratam.
1979 607 2301 694 Interpre-

226 715 319 766 tes
344 701 430 766 ad
460 699 711 785 AEliani
732 702 887 767 Var.
918 701 1085 778 Hist.
1118 702 1446 768 X111.11.
2333 709 2344 728 ⁴

304 823 459 890 350.
516 806 589 868 F.
644 803 1409 892 Τιμόθεος--Χαβςίας-ἶ
1413 805 1760 892 [pampas-215]
1831 808 1960 872 Hae
2017 809 2295 876 νὶἃοιὶω

230 905 409 972 item
415 929 549 970 una
578 905 907 971 mentione
926 905 1297 994 junguntur
1320 929 1361 971 a
1387 907 1818 974 Demosthene
1847 909 1968 974 Or.
1993 911 2102 978 Dc
2135 913 2295 1001 Rep.

230 1007 583 1074 Ordinand.
626 1029 697 1094 p.
729 1021 843 1091 70.·
864 1008 962 1072 B·
945 1056 963 1074 .
1008 1015 1095 1072 νῦν
1125 1008 1179 1071 δὲ
1208 1013 1257 1072 οἶ
1280 1008 1480 1072 πολλοὶ
1519 1015 1680 1072 τοῦτο
1715 1007 2000 1096 nyma,
2032 1013 2109 1088 ὦς
2144 1019 2300 1102 Kep-

234 1111 393 1199 κῦρσιν
444 1111 558 1174 clm
604 1109 887 1192 Τιμόθεος·
942 1109 1037 1173 καὶ
1089 1113 1187 1188 τὴν
1229 1109 1403 1196 μόρων
1453 1109 1764 1187 κατέκοψεν
1805 1113 2142 1200 Ἰφικράτης·
2201 1121 2298 1183 καὶ

234 1218 321 1293 τὴν
360 1216 480 1300 περὶ
518 1212 711 1291 Νάξον
750 1211 901 1276 ἒνῖκα
942 1212 1266 1307 ναυμαχίαν
1306 1211 1592 1300 Χαβρίας·
1639 1235 1784 1300 quae
1827 1213 2048 1280 iisdem
2093 1219 2299 1284 verbio

235 1329 629 1401 reponuntur
654 1315 721 1378 in
757 1315 877 1379 Or.
905 1313 1079 1380 Adv.
1110 1315 1557 1380 Aristocratem
1582 1337 1650 1402 p.
1665 1331 1818 1400 457.
1843 1317 1930 1380 A.
1991 1319 2104 1384 De
2117 1320 2296 1407 Iphi-

236 1419 415 1484 cratis
440 1418 615 1482 facto
643 1415 923 1481 diximus
948 1415 1291 1502 Apophth.
1321 1419 1476 1482 Lac.
1511 1437 1578 1504 p.
1599 1437 1746 1503 219.
1769 1417 1852 1484 C.
1883 1431 1952 1484 et
1973 1419 2120 1486 satie
2141 1444 2300 1488 con·

236 1521 377 1584 state
430 1533 501 1585 et
550 1517 851 1586 Chabriae
905 1518 1225 1588 vietoriam
1274 1518 1357 1584 ad
1398 1521 1658 1584 Naxum
1704 1521 2067 1588 notavimus
2115 1524 2301 1612 supra

239 1642 296 1706 p.
322 1641 474 1710 349.
518 1623 589 1686 F.
676 1620 1007 1686 Timothei
1048 1620 1115 1684 in
1162 1621 1517 1710 Corcyram
1561 1621 1882 1709 expeditio
1929 1638 2086 1707 note
2133 1629 2222 1692 est
2261 1653 2300 1694 e

241 1724 667 1810 Xenophonte
722 1722 1041 1788 Hellenic.
1092 1724 1213 1790 Vl.
1266 1746 1335 1811 p.
1372 1724 1526 1809 585.
1569 1725 1647 1790 B.
1697 1745 1773 1790 ac
1823 1724 2113 1794 Diodoro
2167 1729 2298 1795 Sic.

242 1823 377 1889 XV.
402 1840 517 1909 47.
560 1826 823 1910 Nepote
855 1824 947 1890 11.
1011 1825 1108 1889 At
1137 1825 1450 1890 Euboeam
1491 1820 1782 1892 liberavit
1821 1837 1890 1892 et
1931 1825 2060 1912 ipse
2097 1828 2304 1896 suasor

244 1938 302 1990 et
336 1927 685 2014 imperator
720 1925 1125 2006 Timotheus,
1154 1939 1231 1990 ut
1268 1925 1564 1992 novimus
1599 1948 1682 1990 ex
1723 1915 2168 1993 Demosthenis
2199 1931 2300 1995 0-

247 2043 354 2095 ιιι.
391 2032 501 2096 De
546 2029 943 2096 Chersoneso
982 2053 1049 2117 p.
1080 2049 1189 2115 43.
1228 2031 1309 2108 Β,
1348 2029 1433 2094 C.
1509 2029 1724 2094 Postea
1768 2028 2074 2108 Phocion,
2117 2044 2192 2096 ut
2233 2032 2303 2096 in

247 2133 389 2220 Ejus
428 2133 583 2200 Vita
625 2145 839 2198 narrat
883 2131 1263 2198 Plutarchus
1302 2153 1369 2218 p.
1401 2145 1551 2215 747.
1581 2142 1652 2196 et
1681 2129 2014 2196 AEschinee
2048 2131 2168 2198 Or.
2200 2133 2303 2200 De

247 2234 406 2300 Falsa
434 2239 668 2323 Legat.
702 2257 769 2324 Ρ.
800 2251 947 2318 270.
979 2233 1065 2298 A.

318 2349 467 2423 351.
498 2339 587 2402 Α.
634 2337 897 2421 ἴστἰιιηφον
928 2340 1113 2412 αὐτοῖς
1152 2339 1247 2414 τὴν
1286 2334 1579 2421 Ελλάδα]
1635 2334 1899 2400 Scilicet
1924 2333 2302 2401 Lacedaemo—
2369 2375 2388 2390 κ

164 2438 168 2445 ’
248 2439 373 2520 niis,
400 2439 635 2526 quibus
674 2438 955 2525 reliquos
984 2436 1254 2502 Graeciae
1284 2436 1563 2524 populos
1589 2436 1997 2502 Atheniensis
2027 2438 2304 2525 populus

242 2540 373 2626 jure
399 2541 694 2628 aequavit.
760 2541 865 2604 Est
887 2540 1029 2606 haec
1050 2562 1171 2626 pax
1188 2561 1227 2603 a
1243 2538 1680 2625 Xenophonte
1707 2539 1961 2625 prodita
1981 2539 2302 2607 Hellenic.

250 2645 779 2732 V1.p.593.·D.
823 2656 893 2708 et
933 2643 1225 2708 Diodoro
1271 2643 1401 2707 Sic.
1444 2644 1594 2709 XV.
1630 2642 1742 2728 38.
1783 2664 1977 2729 quam
2013 2645 2303 2710 Thebani

251 2745 523 2834 accipere
554 2745 918 2811 noluerunt.

324 2865 472 2934 351.
504 2853 591 2914 A.
632 2843 1460 2938 προπύλαια-ἑκατομπέδους]
1511 2843 1871 2912 Videantur
1903 2844 2237 2934 scriptores
2268 2871 2307 2913 a

251 2950 420 3014 nobis
446 2949 692 3014 laudati
718 2947 802 3012 ad
831 2969 897 3034 p.
928 2966 1079 3034 349.
1110 2947 1199 3012 D.

320 3071 361 3136 3
362 3067 472 3136 51
500 3053 589 3114 A.
636 3053 825 3135 Κρατῒ
804 3075 1055 3124 ιενος-στ
1058 3049 1109 3136 gl
1154 3053 1249 3111 τοῦ
1290 3049 1381 3110 διὰ
1420 3045 1592 3129 μέσον
1624 3045 1874 3136 τείχους]
1923 3046 2304 3132 Legendum

252 3153 329 3214 διὰ
377 3152 555 3236 μέσου
602 3164 679 3217 ut
727 3151 923 3237 supra
952 3148 1342 3216 ostendimus
1381 3170 1450 3234 p.
1480 3169 1632 3234 349.
1675 3150 1765 3215 D.
1809 3147 1892 3212 ad
1935 3149 2122 3213 verba
2159 3149 2306 3214 νότια

250 3253 451 3342 τείχη,
503 3252 750 3319 Cratini
776 3252 1022 3318 dictum
1050 3250 1271 3316 retulit
1301 3250 1723 3316 Plutarchus
1705 3274 1771 3314 m
1807 3249 2041 3315 Pericle
2067 3273 2134 3338 p.
2161 3256 2308 3320 160.
2433 3309 2446 3318 .

253 3357 343 3422 Α·
387 3356 591 3422 Πάλαι
620 3361 739 3444 γᾶς
767 3355 903 3420 αὐτ-δ
927 3354 1087 3440 λόγοι
1069 3379 1147 3418 ισι
1175 3353 1429 3440 προσᾶγε
1404 3380 1448 3416 ει
1475 3339 1805 3440 Περικλέης,
1827 3350 2092 3440 Ἐργοισι
2121 3355 2164 3416 δ’
2192 3380 2250 3418 ου
2231 3358 2307 3420 ’δὲ
2335 3395 2340 3400 -

252 3463 387 3522 nme·
433 3480 713 3545 quorum
755 3457 823 3521 in
866 3454 1101 3521 ultimo
1138 3466 1420 3518 metrum
1462 3453 1736 3539 postulat
1773 3452 1954 3534 κινέει,
1998 3467 2072 3518 ut
2108 3454 2309 3522 edidit

256 3557 507 3624 Grotius
534 3561 835 3645 Excerpt.
870 3555 1125 3622 Comic.
1156 3576 1223 3641 p.
1245 3569 1398 3642 495.

329 3675 473 3746 351.
500 3661 591 3726 A.
634 3662 829 3724 Ἀλλὰ
871 3661 929 3738 δὴ
972 3655 1433 3742 μετὰ-ἐπαινεῖ]
1484 3657 1648 3720 Haec
1675 3656 1872 3743 usque
1897 3656 1981 3722 ad
2008 3657 2199 3724 finem
2225 3660 2312 3725 ita

252 3769 563 3848 corrupta}
599 3761 831 3840 lacera,
863 3772 930 3825 et
966 3757 1185 3823 hiulca
1221 3757 1391 3836 sunt,
1422 3769 1498 3823 ut
1541 3778 1618 3821 ex
1645 3779 1775 3822 uno
1815 3757 2039 3824 codice
2077 3761 2310 3826 vermi-

258 3858 368 3924 bus
413 3874 481 3926 et
519 3859 859 3948 putredine
904 3859 1118 3938 adeso,
1171 3855 1415 3944 reliqua
1471 3856 1780 3922 vocabula
1833 3858 2156 3945 quamviS,
2176 3882 2315 3926 rara

258 3971 319 4024 et
363 3961 681 4051 disjuncta
728 3961 797 4026 in
844 3981 1051 4026 unum
1102 3959 1277 4024 hunc
1327 3958 1547 4024 locum
1592 3959 1977 4045 conjunxisse
2023 3959 2314 4028 librarius

258 4059 562 4146 vidam-3
608 4075 677 4130 et
718 4062 907 4151 ipfius
946 4059 1149 4126 libelli
1190 4072 1541 4126 extremam
1581 4076 1838 4148 partem·
1855 4060 2080 4140 deefl'e,
2109 4063 2316 4128 mani-

258 4159 469 4229 festum
506 4167 615 4230 est.
706 4167 783 4230 In
819 4163 1039 4252 primis
1081 4160 1287 4228 verbis
1327 4177 1625 4232 tenemus
1653 4166 1925 4234 nostram
1966 4162 2312 4228 0011εᾶὶο-

204 4331 213 4338 ,
266 4283 425 4346 nem,
466 4289 660 4354 quam
704 4266 794 4332 ita
830 4266 1174 4332 vertimus:
1225 4264 1368 4344 Sed,
1412 4264 1622 4344 hercle,
1661 4263 2052 4349 Demqflbenis
2077 4267 2319 4330 oratoris
