2850 4817
291 800 970 897 DANIELIS
1064 790 2253 903 WYTTENBACHII

620 1073 1879 1159 ANIMADVERSIONES

997 1326 1080 1376 IN
1115 1326 1503 1377 LIBELLUM

287 1525 558 1593 FALSO
603 1526 1170 1593 PLUTARCHI
1215 1526 1592 1591 NOMINE
1641 1512 2229 1597 INSIGNITUM

801 1760 938 1827 DE
995 1762 1691 1867 PARALLnLOE.

957 2021 1523 2072 ....-.-Φ..--

233 2227 451 2339 Hm
473 2279 1056 2343 ΠΑΡΑΛΛΗΛΩΝ.
1074 2278 1579 2341 ΕΛΛΗΜΚΩΝ
1599 2281 1745 2341 ιω
1768 2280 2267 2371 mmmmm]

233 2376 450 2441 Vereor
504 2400 615 2443 ne·
641 2376 858 2442 oleum
919 2391 999 2443 et
1051 2398 1318 2465 operam
1382 2377 1719 2467 perdidisse
1777 2378 2012 2460 videar,
2067 2403 2274 2449 anno-

226 2478 552 2545 tationibus
597 2479 666 2543 in
717 2491 852 2545 tam
902 2479 1159 2545 futilem
1207 2479 1503 2547 libellum
1544 2481 2045 2564 conscribendis,
2090 2485 2275 2574 cujus

216 2578 472 2646 alterum
524 2581 865 2647 dimidium
909 2581 1320 2663 ementitum,
1369 2582 1647 2649 alterum
1697 2586 2147 2675 pervulgatum
2192 2590 2277 2655 ab

225 2670 352 2747 aliis'
385 2697 576 2772 atque
604 2683 798 2771 lippis
821 2682 990 2749 adeo
1026 2706 1102 2749 ac
1141 2683 1502 2751 tonsoribus
1540 2699 1770 2751 notum
1807 2687 1919 2753 est.
2006 2666 2279 2778 Singula

221 2785 414 2872 capita
438 2786 620 2852 binas
650 2785 893 2855 habent
920 2786 1298 2866 historiolae,
1324 2789 1624 2852 Groecam
1650 2802 1721 2853 et
1747 2790 2139 2857 Romanam.
2178 2792 2273 2857 al-

220 2899 405 2952 teram
435 2887 766 2977 cognitam
793 2900 862 2953 et
885 2887 1306 2975 exploratam,
1331 2886 1623 2953 historica
1645 2889 1910 2977 quidem
1931 2892 2057 2959 fide
2078 2893 2275 2983 vulgo

121 2994 134 3000 “
219 2989 545 3071 creditam:
575 2989 866 3071 alteram,
889 2989 1267 3070 inauditam,
1289 2988 1755 3070 incredibilem,
1779 2993 2269 3060 monstruosamz

219 3104 471 3179 utraque
491 3092 913 3179 subscriptum
941 3091 1114 3179 gerit
1141 3113 1382 3157 nomen
1409 3090 1602 3171 testie,
1624 3091 1945 3179 scriptoria
1972 3093 2181 3181 ignoti
2206 3110 2275 3163 et

217 3194 472 3262 obscuri.
513 3194 753 3262 Veluti
799 3194 1032 3283 Capite
1067 3194 1166 3275 ιβ’.
1221 3193 1458 3260 Manlii
1482 3194 1773 3281 capitalis
1803 3194 1871 3260 in
1900 3195 2103 3267 filium
2130 3201 2275 3265 ani-

219 3296 542 3363 madverfio
604 3297 900 3377 refertur,
960 3298 1114 3363 teste
1176 3295 1445 3383 Aristide
1502 3296 1667 3373 Mile
1714 3321 1745 3361 ο
1763 3322 1786 3360 .·
1856 3298 2275 3387 praemittitur

216 3396 396 3463 fimile
427 3398 674 3471 factum
717 3396 1210 3485 Epaminondae,
1248 3399 1400 3464 teste
1440 3398 1801 3485 Ctefiphonte
1826 3400 1891 3463 in
1922 3400 2073 3466 libro
2104 3406 2273 3469 tertio

215 3496 611 3563 Boeoticorum.
683 3498 934 3565 Siccine
969 3498 1279 3586 scripserit
1309 3498 1711 3579 Plutarchus,
1738 3514 1873 3617 aut·
1878 3488 2041 3566 alius
2069 3504 2273 3590 quivis

215 3722 346 3769 nem
371 3705 650 3771 effusus?
698 3703 905 3770 Mitto
932 3703 1206 3769 formam
1233 3703 1539 3770 orationis
1556 3704 1811 3792 prorsus
1831 3727 1872 3769 a
1893 3704 2273 3775 Plutarchea

213 3802 528 3888 diversam,
558 3830 708 3873 cum
737 3807 886 3875 labe
919 3806 1417 3895 compositioniS,
1445 3819 1588 3873 tum
1617 3808 1955 3873 verborum
1981 3809 2271 3894 sordibus

213 3905 622 3997 inquinatam.
713 3907 896 3976 Citat
938 3909 1200 3997 quidem
1248 3908 1571 3975 Plutarchi
1613 3910 1878 3975 nomine
1916 3932 1996 3976 ex
2036 3910 2151 3977 isto
2186 3910 2269 3975 li·

211 4008 366 4079 bello
395 4014 620 4079 locum
643 4013 946 4083 Stobaeus
972 4012 1100 4077 Tit.
1129 4012 1288 4079 VII.
1309 4033 1378 4098 p.
1403 4032 1510 4099 91.
1572 4012 1875 4077 Graecum
1898 4013 2270 4100 exemplum

215 4110 442 4202 Capitis
475 4118 550 4196 13
600 4137 732 4179 non
775 4114 1042 4203 quidem
1068 4112 1587 4181 Trincaveuianae
1615 4113 1936 4193 editioniS,
1966 4113 2075 4179 sed
2102 4116 2267 4180 Ges-

128 4250 130 4252 >
213 4218 468 4291 nerianae
505 4230 578 4286 et
612 4216 1014 4283 Schowianae
1049 4238 1117 4304 p.
1151 4216 1296 4306 198.
1327 4238 1404 4293 ac
1434 4215 1748 4303 repetitur
1788 4214 1857 4279 in
1901 4213 2176 4281 Maximi
2200 4226 2284 4284 et‘
2430 4212 2439 4225 ⁶

213 4315 463 4388 Antonii
489 4318 846 4389 Sententiis
873 4319 978 4385 ed.
1017 4320 1278 4387 Gesner.
1313 4317 1745 4386 Wecheliana
1784 4318 1991 4384 Serm.
2021 4319 2268 4386 XLIX.
