2850 4817
523 270 635 330 DE
676 271 881 331 SERA
920 273 1273 333 NUMINIS
1317 273 1724 335 VINDICTA.
1765 287 1990 354 p..555·.
2021 275 2108 336 DJ
2215 292 2376 354 ,373-

260 427 451 514 θέραν-
471 429 622 515 ὕβρει
661 430 1655 520 μηαπεμψάμενος-ἔτιλεῦτησενῧ
1709 433 1938 502 Iisdem
1979 434 2123 500 fere,
2144 433 2352 500 verbis

260 529 447 596 hanc
487 555 621 597 rem
653 545 863 597 narrat
892 531 1271 598 Plutarchus
1302 534 1564 600 Cimon.
1605 555 1671 622 p.
1699 537 1852 617 482.
1889 537 2006 600 ΒΡ.
2037 557 2200 612 cum;
2219 558 2351 622 quo

265 633 717 699 conferendus.
740 638 827 700 est
869 635 1199 700 Pausanias
1244 639 1486 702 Lacon.
1533 660 1598 725 p.
1633 659 1742 724 90.
1833 638 2001 704 Cum
2051 636 2350 725 Byzantii

266 735 407 800 hoc
436 735 685 800 facinus
711 737 1097 802 commiserit
1130 739 1484 818 Pausaniae,
1513 755 1738 826 putem
1771 740 2148 806 Heracleam
2179 742 2348 808 Pon-

266 837 474 900 ticam
516 837 623 902 hic
668 837 1017 924 significari.
1093 839 1422 904 Pausanias
1449 841 1768 925 Φιγάλειαν
1791 855 1995 906 vocat.
2072 843 2177 907 De
2205 863 2348 906 ma-

265 939 423 1029 gica
452 939 813 1004 animarum·
837 940 1209 1005 evocatione
1248 940 1440 1006 multi
1469 941 1712 1007 multa:
1759 955 1789 1000 q
1810 963 2084 1030 quorum
2113 943 2180 1008 in
2209 943 2345 1029 pri·
2385 1011 2391 1017 ,

266 1041 398 1104 mis
430 1040 797 1105 consulendi
828 1041 973 1112 sunt
1009 1041 1115 1106 De
1150 1042 1215 1106 la
1258 1042 1474 1108 Cerda
1513 1040 1594 1109 ad
1634 1042 1870 1132 virgil.
1913 1045 2072 1120 AEn.
2112 1046 2234 1111 VI.
2279 1067 2342 1131 p.

156 1174 163 1182 ·
272 1143 425 1225 840.
476 1156 543 1207 et
591 1143 765 1229 sequ.
812 1145 875 1209 J.
920 1144 1203 1208 Davifius
1246 1143 1329 1209 ad
1376 1144 1677 1236 Ciceron.
1715 1147 1904 1211 Tusc.
1952 1148 2007 1211 1.
2052 1149 2154 1214 16..
2203 1160 2346 1213 tum

269 1267 419 1310 vero
462 1267 624 1332 quos
667 1245 930 1310 laudant
976 1245 1118 1310 Cel.
1166 1246 1600 1312 Ruhnkenius
1637 1247 1718 1312 ad
1746 1249 1914 1314 Tim.
1947 1250 2032 1314 V.
2075 1251 2346 1334 Ἐπαγω-

268 1349 515 1432 γαὶ,,εῑ
556 1345 840 1413 Rei1kius
882 1348 951 1411 h.
982 1347 1029 1411 l.
1076 1349 1287 1412 Mem.
1332 1347 1542 1414 Acad.
1581 1349 1872 1435 Inscript.
1901 1351 1977 1416 T.
2013 1351 2102 1416 II.
2125 1373 2202 1437 ⁸p.
2238 1352 2340 1419 28.
2461 1349 2464 1356 ’

271 1449 589 1514 Ceterum
617 1449 787 1514 recte
814 1448 1134 1535 corrigere
1156 1449 1407 1514 videtur
1435 1449 1503 1514 h.
1534 1449 1581 1516 l.
1613 1451 1896 1518 Reifkius
1923 1452 2001 1533 ἐφ’
2033 1449 2220 1540 ῧβςειε
2262 1453 2352 1528 fic

271 1549 599 1615 Plutarch.
632 1549 891 1614 Cimon.
921 1548 975 1614 l.
997 1571 1059 1613 c.
1092 1552 1172 1612 ἐπ’
1202 1550 1472 1638 αἰσχύνῃ..

351 1666 507 1737 555.
530 1651 623 1715 D.
652 1656 726 1714 Ei
750 1650 909 1735 μηθέν
939 1653 1058 1714 ἐστι
1089 1657 1155 1736 τῇ
1184 1653 1346 1737 ψυχῇ
1374 1656 1525 1733 μετὰ
1551 1655 1648 1729 τὴν
1674 1655 2256 1738 τελευτὴν-χρῆσθαι
2277 1655 2340 1723 τὸ

269 1752 538 1834 δαιμόνων
546 1754 591 1838 .]
639 1752 813 1819 Voff.
844 1779 889 1816 ει
915 1751 1127 1834 μηθέν’
1106 1777 1265 1814 εσται
1292 1779 1351 1815 τ.
1381 1753 1454 1826 ψ.
1485 1753 1562 1816 Τ.
1595 1751 1679 1818 V'.
1713 1753 1794 1818 B..
1819 1772 1936 1836 pro
1961 1755 2202 1838 χρῆσθαι
2232 1754 2344 1821 ha-⁸

268 1853 427 1918 bent
449 1853 775 1941 χαρίζεται.
854 1853 1179 1919 Librarius
1204 1852 1537 1939 χαρίζεσθαι
1565 1851 1832 1920 scribere
1863 1851 2186 1926 voluerat.
2232 1854 2344 1920 sed

268 1956 535 2043 vulgata
557 1958 829 2042 praestat.

349 2078 503 2185 555.
536 2059 623 2123 D.
671 2060 785 2122 Kal
813 2063 953 2145 γὰρ,
983 2064 1029 2122 εἰ
1054 2059 1218 2141 μηδὲν
1256 2055 1403 2132 ἄλλο
1447 2056 1582 2140 φαίη
1606 2053 1756 2131 τὶς
1715 2081 1782 2124 αν
1813 2059 1868 2123 ἐν
1894 2059 1974 2142 τῷ
1999 2055 2107 2142 βίῳ
2137 2058 2232 2122 καὶ
2259 2062 2343 2144 τῷ4

258 2160 448 2247 χρόνῳ
476 2168 583 2223 τῶν
610 2169 842 2248 πονηρῶν
880 2159 1186 2244 ῐπαρέχειν
1212 2157 1569 2238 κακδν,’ἆλλ’
1599 2158 2032 2244 ἐξελεγχομένης
2073 2164 2168 2236 τῆς
2209 2163 2336 2230 ἄδι·
2354 2153 2468 2248 57'

263 2262 507 2339 κίεις-ἣ
540 2260 785 2340 αἴσθησις
810 2265 989 2326 αὐτῶν
1017 2259 1307 2347 ἀνατρέπει
1334 2263 1431 2338 τὴν
1454 2260 1694 2348 ψυχήν]
1733 2259 1907 2325 Edit.
1941 2261 2168 2346 Steph.
2195 2263 2354 2348 ΧΥ·ι
2483 2293 2498 2318 2

263 2364 473 2429 landr.
509 2364 701 2429 Paria.
730 2369 809 2451 τῷ
830 2353 938 2451 βῖῳ
968 2364 1304 2428 omittunt.
1379 2361 1534 2427 Ald.
1565 2363 1706 2426 Bas.
1738 2363 1908 2426 Voff.
1948 2362 2130 2427 Harl.
2169 2368 2222 2429 ἐν
2255 2371 2336 2450 τῷ
2427 2365 2432 2372 ’

258 2467 395 2554 βίου’
416 2467 511 2530 καὶ
554 2471 634 2553 τῷ
670 2467 857 2553 χρόνῳ
880 2466 1161 2532 'habe-nt.
1220 2466 1327 2530 M.
1357 2462 1514 2528 Ald.
1544 2461 1609 2527 ἂν
1637 2469 1718 2549 τῷ
1745 2463 1850 2549 βίῳ
1879 2464 1974 2527 καὶ
2011 2470 2090 2550 τῷ
2123 2465 2334 2553 χρόνῳ.

266 2568 441 2635 Coll.
499 2569 757 2634 Schott.
787 2567 875 2654 ,ἂν
922 2573 974 2633 ἓν
1024 2573 1103 2654 τῷ
1154 2567 1261 2654 βίῳ
1307 2569 1402 2632 καὶ
1452 2572 1532 2652 τῷ
1581 2565 1806 2653 χρόνῳε
1869 2588 2063 2652 quam
2107 2567 2333 2634 1εᾶὶο-

252 2669 442 2751 nem,
472 2693 623 2736 cum
654 2671 910 2758 reliquis
938 2672 1217 2757 praestet„
1238 2669 1626 2756 recepimus.
1716 2672 1946 2736 Forma
1973 2670 2112 2742 haec
2154 2671 2241 2735 est
2277 2670 2336 2736 ἓν.

262 2777 353 2838 διαὶ
380 2777 539 2852 δυοῖν,
572 2795 688 2860 pro
716 2777 768 2837 ἐν
794 2778 875 2858 τῷ
904 2780 1000 2837 τοῦ
1022 2771 1145 2852 βίον
1168 2772 1379 2858 χρόνῳ,
1402 2771 1793 2836 diuturnitate
1819 2771 1991 2836 vitae.
2081 2772 2188 2837 Sic
2215 2775 2335 2838 AE-

260 2875 470 2940 Eanus
502 2876 595 2939 H.
626 2875 711 2938 A.
743 2874 893 2938 XV.
927 2892 1031 2959 25.
1078 2871 1206 2936 Βίον
1235 2873 1290 2936 δὲ
1318 2872 1493 2936 ἵππων
1521 2872 1615 2936 καὶ
1641 2871 1840 2958 χρόνον
1865 2873 2230 2959 διαςιθμοῦσιν
2257 2879 2332 2948 εἰς

259 2977 523 3043 τόσαδε”
492 3005 614 3056 ετη,
639 3000 755 3064 pro
782 2977 907 3058 βίου
934 2975 1153 3064 χρόνον,
1182 2975 1326 3040 vitae
1353 2971 1598 3062 tempu&
1685 2974 1887 3062 Χρόνος
1929 2989 2142 3042 autem
2188 2974 2330 3061 ple-

258 3102 533 3189 rumque
575 3080 655 3145 de
697 3080 897 3166 longo
941 3092 1231 3163 tempore
1272 3074 1512 3143 dicitur
1555 3088 1624 3142 et
1665 3099 1704 3141 a
1743 3076 1852 3162 βίῳ
1898 3074 2328 3160 distinguitur,

259 3183 444 3273 cujus
474 3161 756 3248 notionis
782 3181 1185 3246 luculentum
1210 3181 1295 3246 est
1324 3178 1733 3265 exemplum
1716 3201 1782 3244 ιιι
1812 3176 2157 3249 Plutarcho
2183 3179 2254 3242 Is
2261 3179 2328 3246 d

260 3299 326 3351 et
370 3287 530 3351 Ofir.
569 3307 637 3372 p.
667 3301 820 3370 351.
866 3285 941 3347 E.
985 3287 1043 3346 οὐ
1088 3281 1208 3362 βίον
1250 3287 1411 3348 ἀλλὰ
1449 3281 1646 3366 χρόνον
1690 3281 1821 3344 ειναι
1865 3283 1960 3357 τὴν
2002 3281 2330 3352 ἀθανασίαν.

260 3387 483 3452 Simile
527 3388 613 3452 est
648 3387 897 3451 dictum
936 3383 1282 3452 Simonidis
1322 3405 1427 3468 ap.
1469 3383 1652 3476 Stoi).
1683 3384 1766 3474 S.
1790 3382 2038 3447 XCVI.
2079 3404 2144 3468 p.
2174 3400 2328 3467 513.

255 3489 557 3572 Σιμωνίδης
585 3490 855 3576 ἐρωτηθεὶς
882 3487 1047 3552 πόσον
1075 3486 1274 3574 χρόνον
1312 3486 1474 3572 βιῷῃ,
1511 3484 1710 3571 χρόνον
1745 3486 1871 3568 μὲν,
1911 3485 2077 3563 εἶπεν,
2115 3483 2331 3570 ὀλίγον,

258 3592 349 3670 ἔτη
390 3593 444 3654 δὲ
482 3591 693 3654 πολλά.
782 3591 903 3654 Pro
938 3598 1045 3654 τῶν
1082 3596 1339 3675 πονηρῶν,
1369 3586 1720 3674 legendum
1746 3594 1826 3673 τῷ
1851 3593 2058 3673 πονηρῷ
2090 3587 2186 3652 vel
2215 3592 2329 3661 τοῖς

253 3697 515 3781 πονηροῖς,
560 3705 636 3756 ut
676 3692 887 3757 sensus
930 3690 1005 3755 fit
1037 3690 1303 3777 παρέχειν
1336 3691 1401 3752 τὸ
1446 3687 1711 3771 δαιμόνιον
1749 3693 1860 3765 τοῖς
1895 3693 2169 3774 πονηροῒςε
2217 3689 2325 3752 nifi

309 3913 347 3959 ,ν
376 3901 448 3948 ἐπ’
479 3899 673 3964 αἰσχύνῃ
702 3903 753 3950 in
784 3901 913 3950 Cim.
936 3901 970 3949 1.
989 3915 1033 3950 c.
1052 3911 1241 3949 utrum·
1341 3905 1581 3945 memorat
1612 3896 1784 3944 Kuhn.
1815 3895 1876 3944 ad
1907 3893 2106 3942 Pausan.
2136 3907 2186 3954 p.
2212 3901 2326 3940 2⁵3.

253 3999 350 4047 que
366 3984 534 4044 jungit
552 3981 692 4030 Philo
708 3983 823 4030 Jud.
848 3990 959 4032 860.
984 3981 1037 4030 E.
1341 3981 1512 4028 nostrae
1534 3979 1646 4026 edit.
1671 3979 1860 4038 Fragm.
1883 3974 1974 4022 XI.
2001 3984 2044 4021 ι.
2147 3983 2152 3986 ·

314 4075 339 4108 «ι
362 4066 503 4112 Idem
520 4063 807 4112 Plutarchus
824 4063 1073 4111 tradiderat
1092 4061 1143 4109 in
1159 4061 1243 4109 de·-
1406 4068 1427 4095 ²·
1461 4059 1676 4107 Mosei-us
1705 4057 1822 4118 legit
1847 4053 1919 4102 τὸν
1943 4050 2112 4116 nome-”u
2133 4048 2329 4112 aedaexm

230 4148 436 4210 ·perdito
468 4145 597 4194 libro
628 4143 884 4208 Ὀμπριιιαῗσ
918 4141 1159 4197 Milia-mc,
1188 4149 1245 4190 ut
1341 4138 1496 4187 κακόν.

253 4231 393 4279 refert
414 4226 581 4276 Schol.
604 4228 769 4288 Eurip.
788 4225 967 4275 Alcest.
986 4223 1074 4273 fin.
1091 4237 1241 4286 quem
1358 4279 1361 4284 ,
1481 4223 1495 4234 ’

655 4338 665 4344 -
1449 4318 1493 4362 Β
1532 4298 1576 4361 b
1606 4314 1647 4380 3
