2850 4817
471 368 1004 433 QUAESTIONES
1043 368 1406 431 GRAECAS.
1446 389 1507 449 p.
1538 386 1673 448 294.
1700 366 1907 428 c-D.
2144 370 2225 447 63

182 527 310 595 init.
337 550 404 616 p.
446 544 606 618 197=
647 526 814 604 '11:005
853 532 969 604 1ιὀΐς
1007 528 1236 595 πλέουσι
1279 529 1374 607 nal
1411 526 1735 613 ὁδοιποροῦσι
1764 528 1940 613 οὖχὰς
1963 529 2231 593 ποιοῖο-θαι

186 632 288 693 καθ’
323 628 396 694 ὧν
425 628 498 695 ἂν
533 630 764 704 ’ἕκαστος
801 634 1000 717 ἐπινοῇ·
1043 634 1260 709 ποιητὴς
1300 630 1402 713 μὶν
1444 628 1533 693 οὖν
1572 629 1665 709 ἤδη
1710 628 1825 693 tls-i
1863 654 1947 704 τις
1988 629 2227 709 σκώψας

184 730 426 811 εὔξασθαι
469 738 624 799 κατὰ
659 732 986 821 χρυσοκὲρω
1024 735 1354 814 λιβανωτοῦ.
1438 731 1885 821 Diogenianus
1929 734 2227 801 Proverb-

184 838 259 901 V.
299 856 420 922 90:
481 841 658 901 Κατὰ
697 838 824 915 βοὸς
865 834 1052 923 εὔχου·
1101 835 1234 913 οἷον,
1283 835 1445 923 μέγα
1488 832 1677 921 εὔχου·
1735 834 2049 922 interpres
2094 860 2229 903 non

107 991 111 998 .
186 936 360 1024 cepit.
421 938 900 1005 ‘Adhibeantur
940 936 1138 1004 etiam
1183 938 1479 1005 Kusterus
1505 950 1576 1002 et
1600 936 1938 1025 Berglerus
1965 938 2048 1005 ad
2074 938 2231 1015 Ari·

187 1038 482 1126 stephanis
527 1039 746 1126 Equit.
792 1041 942 1125 657.
1030 1041 1108 1104 T.
1141 1039 1506 1105 Hemsterh.
1536 1038 1619 1103 ad
1648 1037 1917 1105 Lucian.
1955 1040 2035 1105 T.
2074 1040 2131 1104 Ι.
2160 1060 2229 1127 p.

194 1158 322 1225 113.
402 1140 616 1207 Dolus
659 1163 790 1227 quo
831 1139 1150 1233 Phemius·
1175 1138 1647 1228 Hyperochum
1689 1138 1969 1226 decepit,
2014 1140 2233 1205 fimilis

191 1242 266 1305 est
303 1242 411 1321 illi,
455 1265 590 1332 quo
639 1242 1038 1309 Melanthius
1087 1242 1422 1317 Xanthum
1472 1242 1797 1331 oppreffit,
1844 1255 1923 1307 ut
1968 1240 2231 1329 quidem

191 1357 452 1411 narratur
487 1368 533 1409 a
571 1343 874 1433 Polyaeno
917 1345 976 1409 1.
1025 1364 1128 1431 19.
1217 1343 1525 1411 Frontino
1557 1343 1651 1410 11.
1686 1358 1758 1429 5,
1786 1362 1897 1425 41.
1936 1360 2087 1411 nam
2123 1345 2232 1413 alii

190 1446 360 1531 paulo
377 1447 640 1513 diverse.
1496 1532 1504 1540 ἱ

259 1570 322 1635 Ρ.
350 1568 494 1636 294.
533 1548 616 1614 C.
639 1548 754 1635 ιδ’.]
791 1550 896 1614 De
919 1548 1134 1615 Uliffis
1160 1548 1297 1636 post
1321 1569 1664 1636 procorum
1690 1545 1936 1614 caedem
1962 1547 2030 1614 in
2052 1562 2233 1617 exte-

191 1667 276 1715 ras
301 1651 590 1739 regiones
617 1663 687 1717 et
712 1650 970 1718 Italiam
997 1650 1200 1731 abitu,
1229 1650 1417 1717 ᾱοᾶε
1448 1648 1690 1717 differ-it
1726 1650 2049 1716 Bachetus
2074 1653 2229 1718 Me·

194 1750 434 1821 ziriacus
470 1753 558 1819 ad
593 1752 782 1821 ovid.
811 1753 1005 1840 Epist.
1037 1752 1304 1819 Heroid.
1333 1754 1389 1821 Ι.
1429 1775 1501 1841 Ρ.
1532 1754 1641 1841 98,
1668 1752 1799 1839 seq.
1827 1751 1937 1819 cui
1960 1752 2233 1821 addatur

196 1850 486 1920 Canterus
521 1853 609 1919 ad
637 1854 967 1943 Lycophr.
997 1854 1146 1941 807.
1173 1869 1242 1921 et
1264 1853 1563 1921 Tzetzes.
1648 1852 2015 1941 Hesychius
2041 1856 2231 1923 obso-

194 1949 372 2019 letum
424 1976 666 2021 nomen
713 1955 978 2021 exhibet
1027 1954 1321 2043 spanus·
1384 1952 1573 2038 ἆμνός·
1632 1952 1807 2041 quod
1871 1940 2233 2023 Bochartus

197 2052 432 2121 Hicroz.
477 2060 570 2121 11.
607 2079 679 2144 p.
717 2058 870 2140 428.
911 2056 1000 2123 A.
1037 2070 1114 2123 ιιι
1155 2055 1319 2122 hic
1301 2080 1367 2122 m
1413 2055 1782 2135 Plutarcho,
1818 2055 2057 2142 φάγιλος
2098 2058 2231 2145 legi

197 2156 335 2237 vult,
355 2159 528 2225 haud
559 2158 690 2225 scio
717 2181 802 2225 an
832 2158 1023 2227 nimis
1049 2159 1467 2226 confidenter.
1552 2157 1792 2225 AEtatis
1820 2158 2121 2225 Hemicoe
2146 2162 2235 2225 est

199 2258 262 2340 ἐφ’.
289 2261 477 2345 αἵματι
514 2263 755 2347 φεύγειν,
785 2263 994 2329 cedem
1021 2262 1196 2327 exitio
1222 2260 1485 2349 expiare,
1512 2259 1597 2325 de
1622 2282 1753 2347 quo
1776 2280 1957 2325 more
1984 2262 2235 2327 notavi-

199 2380 322 2425 mus
347 2362 424 2427 ad
447 2363 696 2431 Juliani
734 2365 848 2430 Or.
887 2365 946 2428 Ι.
983 2382 1188 2451 p.‚39.
1222 2363 1313 2430 D.
1382 2360 1692 2429 Biblioth.
1725 2361 1891 2427 erit.
1921 2362 2073 2431 Vol.
2104 2365 2231 2429 111.

201 2460 345 2527 Part.
377 2466 462 2529 11.
495 2486 569 2551 Ρ.
603 2466 712 2529 60.
772 2463 879 2529 Sic
911 2464 1240 2543 Pausanias
1271 2466 1362 2528 II.
1393 2483 1477 2551 29
1498 2490 1519 2531 ι
1562 2464 1647 2528 bt!
1670 2462 2072 2551 φόνῳμῦγειν.
2102 2466 2231 2530 ΙΙΙ.

200 2580 296 2647 13:
337 2564 524 2653 ἔφυγεν
555 2566 642 2629 ἐπὶ
668 2571 748 2652 τῷ
773 2566 936 2653 φόνῳ.
985 2566 1069 2639 V.
1099 2586 1174 2631 1:
1205 2563 1815 2653 Atrmnqss-wn'aeww
1845 2569 1909 2629 ix
1938 2572 2229 2631 nmm-

197 2663 330 2740 νήσου
367 2674 583 2755 φυγεῖν,
619 2666 700 2731 ὅτι
741 2670 906 2733 αὐτὸν
940 2674 989 2732 οἳ
1014 2666 1245 2743 Ἄπιδος
1277 2670 1464 2749 παῖδας
1495 2670 1574 2752 ἆφ’
1614 2669 1815 2751 αἵματι
1840 2667 2087 2755 ἀκουσίῳ
2114 2668 2233 2755 δίκῃ

196 2764 335 2833 εἶλον.
417 2769 646 2835 Simile
686 2767 1009 2835 monitum
1055 2770 1144 2833 est
1185 2768 1437 2835 Libanii
1478 2772 1713 2857 Legat.
1754 2768 1839 2833 ad
1878 2770 2117 2835 Julian.
2160 2794 2230 2857 p.

201 2871 322 2955 165.
347 2872 430 2937 A.
476 2874 681 2939 ritum
707 2872 1170 2960 AEgyptiorum
1211 2882 1396 2937 notat
1427 2870 1837 2951 Philostratus
1861 2872 1999 2949 Vit.
2026 2874 2231 2959 Apol-

196 2968 306 3035 lon.
345 2976 461 3041 VI.
499 2998 572 3062 p.
601 2994 767 3061 ·234.
810 2987 878 3039 et
913 2977 1032 3041 Vl.
1075 2996 1144 3061 p,
1180 2994 1333 3060 305.
1422 2974 1503 3039 In
1544 2972 1685 3039 foro
1727 2972 1939 3059 postea
1977 2976 2234 3061 proprie

197 3073 544 3161 usurpatum
571 3078 648 3157 ἐφ’
679 3076 880 3156 αἵματι
906 3076 1147 3160 φεύγειν,
1175 3075 1354 3141 caedis
1381 3098 1544 3139 reum
1570 3076 1698 3161 ff,
1731 3074 1997 3161 αισα-[ἡὴ
2021 3076 2232 3140 mdis.-

197 3168 262 3235 de
287 3196 408 3260 quo
431 3176 900 3244 Valckenarius
929 3176 1011 3240 ad
1039 3176 1332 3263 Euripid.
1362 3174 1819 3263 ‚Hippolffivers-
1846 3194 1887 3261 3
1888 3188 1957 3260 5.

264 3293 398 3362 294.
426 3279 516 3344 D.
554 3276 668 3363 aest]
703 3277 1150 3345 Conferendus
1177 3278 1541 3344 Eustathius
1566 3277 1656 3343 ad
1682 3276 1868 3343 Iliad.
1892 3283 1967 3341 B.
1988 3299 2055 3365 p.
2081 3293 2232 3364 277,

201 3392 286 3461 15.
323 3382 575 3447 eosdem
619 3381 752 3445 fere
793 3380 1086 3459 auctores
1121 3381 1378 3445 secutus
1399 3406 1418 3444 ι
1467 3380 1575 3445 cui
1600 3380 1979 3445 adhibeatur
2007 3380 2233 3447 Pausa-

197 3478 312 3543 nias
327 3483 407 3547 X.
424 3484 534 3569 38.
559 3534 566 3539 .
597 3482 922 3570 Archytas
948 3482 1402 3569 Amphifl‘enfis
1422 3482 1555 3569 ipse
1574 3502 1655 3561 ex
1674 3484 2029 3547 Locrorum
2052 3483 2229 3565 Ozo-

197 3574 374 3645 larum
407 3597 636 3671 gente,
675 3584 846 3648 forte
881 3581 1052 3649 idem
1084 3582 1419 3649 habendus
1447 3582 1561 3670 qui
1586 3604 1626 3646 a
1650 3581 1949 3669 Diogene
1972 3582 2231 3647 Laertio

197 3677 362 3747 VIII.
413 3688 522 3753 82.
612 3686 938 3773 Archytas
991 3686 1533 3774 ἐπιγραμματοποιὸς
1594 3697 1989 3763 numeratur,
2046 3683 2233 3771 cujus

197 3779 276 3845 nil
305 3787 644 3853 mentionis
681 3801 796 3852 aut
838 3786 1257 3873 reliquiarum
1288 3783 1711 3873 caeteroquin
1715 3786 1947 3851 exstat..
1929 3809 1947 3825 ·
1994 3784 2075 3849 de
2102 3808 2235 3872 quo

198 3886 390 3967 paucis
415 3889 766 3987 Menagius
795 3888 1124 3954 monuitl.
1154 3889 1214 3954 l.-
1209 3901 1300 3954 et
1322 3888 1647 3953 Fabricius
1674 3890 1753 3953 B.
1778 3890 1865 3953 G.
1898 3889 1954 3951 l.
1982 3908 2053 3974 p.
2076 3889 2231 3973 496.

200 3981 520 4071 Magyniam
546 3990 862 4077 oppidum
887 4003 1246 4057 memorant
1277 3989 1515 4057 Plinius
1544 3992 1637 4054 H.
1666 3991 1756 4055 N.
1788 3990 1906 4056 IV.
1934 4006 1996 4055 2.
2056 3991 2231 4053 Stra-

201 4079 270 4146 bo
293 4086 372 4151 Χ.
400 4111 468 4175 Ρ.
497 4092 650 4177 692.
683 4094 768 4155 A.
836 4092 1205 4179 Stephanus
1244 4092 1410 4178 Byz.
1451 4094 1632 4158 Voce
1671 4090 1903 4153 Μακόνε
1906 4112 1987 4167 ια,
2017 4068 2129 4151 ubi
2164 4097 2235 4150 et

202 4178 507 4255 Berkelius
549 4204 644 4256 et
667 4190 1036 4259 Holstenius
1083 4214 1296 4261 veram
1346 4192 1687 4257 leffionem
1731 4188 2081 4267 vindicant,
2124 4184 2233 4250 hic

201 4282 403 4353 etiam
431 4292 756 4361 Plutarchi
817 4292 994 4361 hunc
1062 4276 1282 4367 locum
1343 4294 1681 4360 adhibens.
1768 4284 2043 4378 Attigit
2058 4308 2263 4376 quo--
