2850 4817
510 380 514 385 ’
555 410 667 474 150
757 381 785 432 -“
827 393 905 450 D.
947 393 1043 450 w.
1086 359 2123 450 ANIMADVssIN-PLUTARCHI
2165 379 2339 462 12113.⁴
2409 475 2415 494 ν

547 552 819 618 deantur
868 551 1133 638 Lipsius,
1186 544 1617 628 BurmannuS,
1676 541 2118 614 Ruhnkenius'
2161 547 2256 612 ad·
2294 543 2664 614 Velleium'
2729 600 2734 608 .

553 656 689 719 Pat.
728 657 781 718 Ι.
814 674 881 734 4.
2639 689 2646 700 ·

632 777 785 842 349.
820 759 896 820 Ε.
940 755 1153 819 Πόντον
1176 755 1461 838 Εὔξεινον]
1500 715 1841 822 Rhetorice
1870 752 2142 819 dietum.
2229 752 2429 816 Hunc
2479 749 2647 838 qui-

548 857 755 924 dem
726 879 865 947 Jam
912 858 1267 946 antiquitus
1287 857 1418 922 fibi
1447 871 1834 945 aperuerunt
1859 855 2090 921 Milesii
2121 853 2357 956 aliique
2388 852 2648 930 Graeci,

549 959 661 1047 qui
688 959 754 1022 in
782 959 881 1024 his
910 959 1038 1024 oris
1068 960 1257 1024 urbes
1300 959 1750 1026 condiderunt.
1841 959 2142 1022 Poterant
2173 967 2237 1019 et
2263 953 2649 1018 Athenien-

551 1063 645 1134 ses
681 1045 820 1151 dici
866 1062 1052 1127 Ponti
1098 1061 1333 1126 Euxini
1376 1061 1733 1148 dpminium
1780 1060 1934 1124 Pers
1941 1081 1969 1122 s
2020 1049 2346 1135 ademisse,
2383 1078 2652 1142 expug-

552 1175 706 1228 nato
749 1163 1105 1252 Byzantio:
1155 1163 1237 1230 de
1270 1186 1400 1249 quo
1438 1161 1851 1278 Thucydides
1883 1164 1938 1226 Ι.
1970 1180 2079 1247 94.
2154 1157 2460 1223 Omnino
2484 1161 2648 1222 Ἐλ-

554 1265 855 1344 λῆσποντον
881 1264 1087 1352 magis
1116 1265 1581 1330 conveniebat
1567 1288 1630 1329 m
1660 1265 1787 1329 hoc
1815 1274 2298 1349 argumentum.
2639 1287 2644 1296 ·

638 1387 788 1453 349.
808 1369 937 1431 E.‘
916 1395 945 1444 η
976 1369 1031 1430 δὲ
1060 1367 1423 1442 πεντακοσίας
1454 1367 1705 1456 τςιῆρεις,
1737 1374 1766 1444 ἡ
1795 1367 1852 1432 δὲ
1877 1364 2054 1458 μυρία
2073 1359 2450 1448 ramum—J
2485 1365 2648 1427 Hoc

560 1469 843 1535 universe
884 1468 963 1532 de
1000 1469 1299 1532 omnibus
1344 1468 1838 1557 intelligendum
1879 1466 2178 1546 victoriis,
2217 1488 2349 1529 non
2395 1464 2478 1530 de
2521 1464 2648 1527 fin-

557 1568 729 1657 gulis
760 1591 903 1656 quae
937 1569 1182 1656 fingula
1210 1570 1352 1636 haec
1390 1593 1658 1636 munera
1687 1570 2073 1657 pepererint.
2161 1571 2316 1634 Non
2343 1568 2648 1632 videntur

557 1671 847 1736 historica
888 1671 1247 1760 diligentia,
1287 1673 1392 1738 sed
1429 1673 1710 1738 oratoria
1743 1672 2260 1760 exaggeratione,
2291 1671 2646 1760 quingentae

559 1775 847 1852 triremes
875 1775 1051 1861 poni.
1142 1775 1548 1841 Florentibus
1588 1776 1778 1841 rebus
1817 1797 2123 1840 numerus
2151 1771 2528 1839 censebatur
2554 1774 2638 1838 ad

561 1891 866 1956 trecentas,
896 1877 1092 1942 veluti
1118 1901 1157 1942 a
1188 1878 1425 1943 Pericle
1465 1877 1638 1964 apud
1677 1876 2126 1964 Thucydidem
2174 1878 2263 1940 ΙΙ.
2300 1875 2403 1963 13.
2443 1889 2640 1962 atque

559 1981 741 2062 alios,
772 1981 1001 2046 citatos
1028 1981 1311 2046 Mem-fio
1338 1982 1448 2046 De
1476 1984 1742 2046 Fortun.
1777 1979 2022 2047 Athen.
2048 1981 2205 2046 VII.
2239 2002 2304 2066 p.
2323 1995 2433 2066 57.
2499 1982 2600 2065 Ly

561 2106 801 2172 curgus
842 2095 1059 2148 orator
1102 2084 1568 2171 quadringentas
1603 2075 2016 2169 comparavit,
2055 2082 2208 2146 teste
2247 2080 2556 2146 Pausania
2583 2082 2636 2144 Ι.

528 2172 532 2181 ’
565 2203 671 2268 29.
702 2207 768 2271 p.
796 2199 902 2270 75.
966 2183 1590 2250 Pseudo-Plutarcho
1617 2183 1755 2249 Vit.
1788 2185 1873 2246 X.
1904 2183 2155 2271 Orator.
2186 2204 2250 2268 p.
2276 2182 2426 2263 841.
2457 2181 2538 2245 C.
2571 2193 2639 2244 et

567 2286 991 2373 psephismate
1024 2287 1183 2351 ibid.
1232 2309 1299 2373 p.
1330 2289 1479 2371 852.
1519 2286 1600 2350 C.
1690 2286 1788 2351 At
1823 2284 1998 2372 μυρία
2038 2283 2300 2348 τάλαντα
2339 2283 2642 2348 dicuntur

566 2380 836 2451 numero
874 2388 940 2451 in
968 2387 1088 2452 hac
1121 2410 1187 2452 re
1220 2389 1565 2464 celebrat0‚
1596 2412 1654 2450 v.
1686 2409 1746 2450 c.
1778 2387 1952 2473 apud
1989 2386 2488 2452 Demosthenem
2517 2388 2636 2452 Or.

568 2486 841 2574 Olynth.
875 2489 1000 2556 III.
1035 2511 1101 2574 p.
1130 2508 1232 2573 13.
1262 2489 1353 2553 Β.
1401 2487 1574 2552 πλείω
1604 2489 1658 2552 δὲ
1687 2488 1718 2566 ἢ
1744 2488 1916 2574 μυρία
1953 2488 2212 2552 τάλαντα
2249 2493 2322 2568 εἷς
2345 2492 2444 2567 τὴν
2469 2486 2635 2572 &upti-

564 2603 722 2653 πολιν
748 2589 1085 2674 συνήγαγον·
1126 2589 1303 2676 quod
1332 2589 1552 2654 iisdem
1579 2591 1785 2656 verbis
1813 2590 2080 2656 iteratur
2105 2589 2171 2654 in
2199 2591 2313 2655 Or.
2343 2592 2449 2656 De
2472 2590 2635 2676 Rep.

569 2691 941 2756 Ordinanda
951 2714 1033 2778 p.
1062 2708 1167 2777 71.
1199 2695 1285 2756 A.
1354 2695 1694 2781 Lycurgus
1726 2707 1942 2758 orator
1978 2693 2137 2758 item
2177 2692 2364 2778 plura
2392 2692 2633 2772 intulit,

564 2809 641 2860 ut
670 2796 755 2860 est
784 2795 955 2882 apud
985 2798 1279 2862 auciores
1306 2796 1504 2862 modo
1531 2796 1788 2863 citatOS.

651 2918 813 2985 349.
835 2901 916 2963 Ε.
956 2899 1327 2985 Καρκίνος-4
1332 2898 1703 2985 Αστυὸἇμας]
1765 2901 2005 2966 Carcini
2029 2900 2222 2989 Alope
2249 2913 2638 2967 memoratur

564 3001 649 3068 ab
690 2999 829 3069 aliis
872 3023 1033 3087 quos
1077 3001 1235 3066 citat
1267 2990 1730 3066 Valckenarius
1769 3001 2048 3067 Diatrib.
2093 3023 2156 3086 p.
2194 3019 2296 3087 13.
2354 2989 2637 3086 Astyda-

568 3117 794 3170 mantes
838 3103 1065 3192 tragici
1107 3093 1239 3170 duo
1281 3101 1639 3191 produntur
1667 3128 1706 3168 a
1735 3103 1932 3169 Suida
1972 3115 2154 3191 pater
2187 3118 2254 3168 et
2284 3103 2484 3168 filius:
2532 3103 2636 3168 ille

570 3202 993 3270 ducentarum
1022 3207 1087 3270 et
1115 3204 1539 3292 quadraginta
1567 3205 1924 3270 fabularum
1956 3203 2246 3290 scriptor,
2279 3217 2346 3285 et
2373 3203 2639 3290 quinde-

572 3288 701 3368 ciee
725 3304 945 3386 victor,
970 3318 1046 3370 ut
1072 3306 1247 3370 hunc
1278 3305 1569 3370 videatur
1597 3306 1958 3394 fignificaffe
1988 3303 2391 3370 PlutarchuS.
2458 3303 2635 3368 Ade-

572 3417 718 3470 atur
754 3405 1079 3472 Fabricius
1105 3407 1183 3470 B.
1205 3409 1303 3472 G.
1338 3410 1390 3472 Ι.
1420 3429 1488 3493 p.
1519 3410 1670 3492 671,
1701 3411 1852 3494 673.
1944 3410 2022 3476 In
2059 3413 2216 3484 συνῆν
2255 3406 2638 3472 conveniunt

521 3538 525 3543 ·
574 3529 799 3572 omnes
836 3507 1005 3588 libri,
1046 3521 1114 3573 et
1153 3509 1533 3596 interpretes
1577 3509 1882 3588 vertendo
1921 3509 2154 3597 quando
2197 3507 2486 3574 Carcinus
2523 3533 2638 3572 rem

574 3607 782 3674 babuit
814 3631 943 3674 cum
971 3610 1227 3698 Aerope.-
1271 3610 1606 3676 candidius
1634 3611 1831 3676 etiam
1858 3612 2210 3698 AmyotuS,
2240 3611 2476 3698 quando
2503 3634 2636 3674 con-

574 3710 805 3774 cubuit.
858 3711 1273 3797 reprehensus
1316 3735 1355 3777 a
1398 3713 1645 3778 Valefio
1685 3712 1766 3778 ad
1805 3716 2189 3801 Harpocrat.
2235 3736 2302 3802 p.
2335 3732 2444 3798 43.
2489 3710 2636 3775 reti·

574 3825 762 3878 cente
818 3812 1304 3879 correctionem.
1391 3813 1566 3879 Mihi
1617 3814 1866 3881 videtur
1917 3838 2062 3931 ¹zera
2112 3815 2422 3902 scriptura
2471 3811 2642 3877 fuiffe

573 3914 719 3980 vel'
699 3913 852 3980 swina
882 3915 982 3980 vel
969 3915 1270 4042 εὐημέρει.
1915 3940 1917 3944 ·

658 4035 811 4102 349.
849 4017 921 4080 F.
968 4015 1096 4103 ἕκτῃ
1142 4018 1245 4100 μὲν
1296 4017 1592 4100 ἱσταμένου
1640 4021 2215 4106 Βοηδρομιῶνος-τήν
2257 4023 2311 4083 ἐν
2345 4019 2640 4103 Μαραθῶνι

578 4116 835 4202 νίκην-ψ]
882 4119 1095 4182 Locus
1140 4118 1474 4204 parallelus
1513 4118 1880 4186 Plutarchi
1863 4143 1928 4184 m
1962 4121 2241 4187 Camillo
2269 4141 2338 4206 p.
2368 4120 2510 4204 138.
2542 4120 2640 4182 A:

578 4217 801 4306 Πέρσαι
828 4221 990 4302 μηνὸς
1020 4208 1470 4308 Βοηδρομιῶνος“
1443 4248 1570 4310 εκτη
1600 4223 1700 4305 μὲν
1738 4227 1793 4286 ἐν
1828 4217 2572 4311 Mapaoaeva—-fivrfioncav‘
2549 4220 2640 4284 υπό

576 4329 683 4391 τῶν
708 4324 1010 4404 Ἑλλήνων.
1078 4327 1181 4394 De
1208 4325 1535 4418 Malignit.
1567 4327 1885 4396 Herodot.
1919 4349 1985 4416 p.
2013 4330 2161 4394 861.
2192 4331 2271 4394 Ε.
2303 4325 2475 4414 quod
2506 4337 2644 4392 tue-
