2850 4817
473 388 1012 451 QUAESTIONES
1055 388 1414 449 GRAECAS.
1459 410 1515 469 p.
1550 390 1683 467 298.
1714 390 1945 451 c—R·
2151 394 2231 471 69

152 546 210 611 in
240 544 564 633 ,Δῖωγμαζ
633 546 1038 635 Calligeniam
1077 548 1436 613 invocatam
1480 548 1592 614 illo
1634 548 1701 613 in
1746 550 1922 632 sacro
1964 564 2233 637 apparet

157 671 224 712 ex
254 648 689 737 Aristophane
731 649 1200 738 Thesmophor.
1237 652 1390 737 306.
1434 650 1547 716 ubi
1590 649 1925 717 adeundus
1968 652 2227 718 Scholi-
2344 638 2351 655 ’

161 754 322 818 astes.
398 752 776 841 Hesychius
815 754 883 817 in
923 756 1149 819 Vocet
1197 754 1517 819 Meurfius
1560 754 1775 820 Graec.
1822 757 1965 821 Fer.
2008 756 2125 823 IV.
2155 777 2235 844 p.

161 857 291 941 163.
349 854 565 920 Attio.
597 855 778 921 Lech
806 858 925 922 IV.
952 874 1060 924 21.
1091 854 1268 921 hunc
1297 855 1495 921 etiam
1522 855 1845 921 Plutarchi
1866 856 2085 923 locum
2108 858 2225 925 ad-

161 955 394 1022 hibens.
437 1001 444 1009 ·
545 1004 554 1009 ·
1752 1002 1771 1021 .
2268 954 2277 965 ’

235 1060 376 1145 298.
405 1060 490 1125 C.
521 1058 682 1144 λβᾘ
711 1062 976 1139 Πλοντὶς,
1010 1061 1248 1127 rectius
1275 1061 1531 1126 videtur
1555 1062 1827 1142 Πλουτὶς,
1852 1060 2217 1150 quodpra-

165 1156 306 1225 bent
339 1164 420 1241 E,
447 1164 544 1227 H.
577 1166 816 1229 Venet.
848 1164 1020 1231 Voff.
1055 1166 1125 1229 P.
1163 1176 1250 1228 et'
1271 1162 1553 1229 reddidit
1594 1162 1925 1251 Amyotus
1965 1164 2221 1231 Pleutis.

162 1261 254 1325 Est
275 1262 442 1327 enim
446 1264 658 1351 faHio
685 1265 964 1345 divitum,
993 1266 1104 1330 cui
1143 1263 1495 1353 opponitur
1516 1265 1885 1353 Χειρομάχα,
1914 1290 2059 1354 quoe
2084 1291 2221 1333 ma·-

163 1364 312 1428 nibus
351 1366 580 1431 vitium
617 1367 862 1457 quoerit,
903 1382 1044 1457 opus
1063 1367 1238 1455 facit
1255 1393 1277 1433 .·
1322 1366 1509 1455 cujus
1542 1366 1821 1433 nominis
1852 1368 2225 1456 exemplum

163 1465 475 1553 aliquoties
527 1492 610 1535 ex
654 1469 981 1535 Athenaeo
1023 1469 1295 1557 apponit
1348 1468 1715 1535 Eustatbius
1764 1469 1847 1535 ad
1902 1472 2105 1537 Hom.
2149 1494 2219 1561 p.

171 1584 334 1654 1425,
365 1574 491 1654 64:
545 1574 736 1659 1783,
772 1592 892 1660 13:
947 1572 1136 1659 1833,
1165 1574 1289 1659 56:
1327 1571 1487 1651 πένης
1522 1572 1577 1636 δὲ
1616 1576 1643 1635 ὁ
1681 1574 1853 1659 χερσὶ
1884 1574 2222 1657 πονούμενος,

50 1744 52 1749 .
81 1744 90 1751 .
171 1672 250 1734 καὶ
282 1670 415 1737 οὕτω
455 1679 584 1755 ζῶν·
627 1678 752 1750 τοὺς
791 1676 850 1738 ὃὸ
891 1675 1164 1749 τοιούτους
1200 1674 1569 1763 χιιρομᾶχαν
1608 1674 1811 1752 πληθὺν
1846 1674 1995 1741 lca-w
2026 1680 2082 1741 ἓν
2106 1682 2222 1753 τοῖς

167 1779 244 1835 τοῦ
268 1774 546 1853 Ἀθηναίου
576 1780 760 1861 εὑρεῖν.
849 1777 1028 1841 Hinc
1059 1775 1447 1865 intelligitur
1472 1775 1696 1842 eadem
1726 1775 1921 1843 suffio
1946 1777 2217 1845 divitum

169 1871 222 1936 in
247 1880 288 1937 οἰ
313 1876 527 1941 δυνατοί
542 1902 560 1941 2
593 1877 663 1942 hi
690 1877 864 1943 enim
894 1876 960 1941 in
992 1876 1324 1964 republica
1351 1877 1829 1965 distinguuntur
1855 1879 1938 1945 ab
1958 1880 2217 1959 ἰδιώταις.

169 1996 215 2036 v.
244 1996 295 2039 c.
328 1978 634 2065 Praecept.
663 1979 848 2067 Reip.
894 2000 960 2067 p.
993 1980 1142 2065 815.
1170 1981 1260 2044 A.
1293 1978 1505 2045 Vitar.
1533 2000 1600 2065 p.
1630 1994 1781 2063 407.
1810 1982 1900 2046 D.
1944 1999 2094 2067 423.
2122 1983 2215 2049 D.

173 2094 299 2157 424.
323 2078 406 2143 A.
448 2096 608 2166 571.
638 2080 717 2145 B.
768 2080 1041 2145 addatur
1065 2081 1376 2147 Dukerua
1404 2078 1489 2144 ad
1513 2080 1815 2168 Thucyd.
1851 2083 1905 2146 I.
1940 2101 2044 2148 21.
2117 2084 2217 2150 A-

171 2176 296 2244 liam
337 2181 632 2248 diriorem
679 2182 877 2247 etiam
924 2182 1302 2249 seditionem
1339 2180 1737 2247 Milesiorum
1765 2206 1843 2248 ex
1872 2185 2217 2255 Heraclide

50 2284 52 2291 '
175 2280 404 2350 Pontico
429 2284 632 2350 refert
655 2284 1014 2351 Athenaeus
1041 2286 1200 2351 XII.
1231 2308 1298 2373 p.
1327 2298 1482 2371 523.
1514 2288 1584 2349 F.
1614 2286 1788 2373 sequ.

238 2386 369 2468 298.
396 2388 484 2451 D.
515 2386 672 2473 λγ’.]
722 2387 988 2475 Nauplii
1029 2389 1228 2474 patris
1274 2385 1653 2465 PalamediS,
1682 2387 1794 2473 qui
1834 2388 2212 2455 Graecorum

50 2476 52 2499 ²
173 2481 308 2549 claffi
333 2486 551 2553 reduci
590 2487 998 2575 naufragium
1027 2488 1110 2564 ad
1140 2488 1576 2576 Caphareum‚
1608 2488 1874 2553 Euboeae
1901 2510 2213 2575 promon-

171 2585 399 2669 terium,
445 2590 770 2672 excitavit,
815 2590 1034 2655 fabula
1075 2604 1230 2655 nota
1271 2612 1350 2655 ex
1395 2589 1669 2677 Hygino
1706 2588 1951 2656 CXVI.
1996 2594 2241 2661 Servio.

171 2689 297 2756 AEn.
337 2696 454 2759 XI.
493 2696 646 2763 260.
716 2696 1032 2761 Strabone
1064 2696 1256 2760 VIII.
1284 2715 1352 2780 p.
1381 2695 1534 2779 566.
1566 2692 1647 2757 C.
1680 2694 1809 2782 seq.
1882 2696 2213 2763 Eustathio

169 2790 234 2854 ad
257 2794 373 2861 od.
401 2800 479 2861 A.
510 2817 582 2884 p.
610 2796 798 2881 1678.
882 2782 1033 2865 Fuit
1059 2808 1129 2861 et
1154 2793 1496 2883 Sophoclis
1525 2795 1839 2883 tragoedia
1865 2797 2210 2885 Nauplius,

173 2894 315 2961 Cum
353 2898 486 2965 aliis
535 2897 1031 2985 cognominibus
1078 2897 1418 2964 confusum
1466 2896 1741 2963 ’ostendit
1785 2899 2083 2986 Heynius
2127 2901 2211 2967 ad

50 3078 52 3083 ,
173 2995 514 3082 Apollodor.
549 3004 640 3065 II.
680 3022 740 3082 1,
767 3020 834 3083 4.
894 3002 1110 3089 Quam
1137 2999 1457 3087 originem
1486 3020 1723 3063 nomen
1754 2999 2069 3087 Πυρσόφιον
2097 3000 2212 3067 ha-

173 3095 314 3180 beat,
341 3126 466 3169 non
497 3104 823 3171 definiam.
855 3108 931 3169 E.
957 3106 1050 3169 H.
1073 3103 1229 3168 dant
1257 3110 1362 3190 πῦρ
1389 3102 1597 3185 σόφιον.
1669 3103 1997 3189 Amyotua
2018 3101 2209 3189 plane

175 3200 400 3268 omittit.
485 3204 1034 3295 Quandoquidem
1086 3204 1264 3271 curia
1310 3204 1698 3293 fignificatur
1747 3204 1952 3270 verbis
1996 3209 2069 3281 εἰς
2117 3207 2211 3270 τὸν

171 3299 299 3365 τόπον
323 3314 500 3374 τοῦτον
531 3307 660 3373 ὅπου
687 3314 928 3385 συνῆσαν
955 3308 1246 3386 ἀλλήλοις,
1276 3305 1528 3371 fortaffe
1562 3305 1947 3393 significetur
1974 3328 2205 3395 perpe-

50 3488 52 3491 *
173 3413 294 3469 tuus
325 3407 487 3496 ignis
528 3410 594 3474 in
621 3410 814 3475 curiis
844 3408 1065 3475 solitus
1092 3409 1200 3489 ali,
1229 3408 1342 3474 ubi
1367 3407 1823 3494 sapientiorum
1852 3425 2207 3475 conventus

172 3500 490 3578 haberetur.

241 3614 369 3696 298.
396 3618 472 3682 Ε.
507 3616 642 3701 affl]
703 3616 1038 3681 Historiola
1069 3617 1264 3682 exstat
1290 3612 1487 3680 etia‘m
1516 3608 1581 3679 in
1612 3614 1975 3679 Heraclidis
2004 3618 2203 3705 Frag-

172 3714 368 3779 mentis
399 3718 508 3783 De
550 3718 941 3805 Rebuspubl.
969 3740 1037 3805 p.
1066 3733 1108 3804 5
1111 3719 1221 3803 38.
1260 3716 1418 3781 edit.
1450 3716 1696 3803 Cragii,
1726 3716 1921 3802 paulo
1951 3717 2204 3785 brevius

172 3831 229 3875 ac
251 3818 450 3899 paucis
473 3820 636 3886 locis
666 3808 927 3901 diverse,
959 3822 1222 3886 nomine
1250 3818 1577 3907 portitoris
1606 3818 1857 3906 Παρίοις.
1947 3823 2023 3886 In
2055 3820 2207 3886 Pro-
2274 3844 2281 3850 ·

173 3914 370 3996 verbio,
415 3936 640 3987 monet
679 3921 1073 3988 Meziriacus
1111 3922 1258 3985 Οὐδὲ
1291 3919 1376 3994 οἷς
1417 3918 1769 4006 legendum
1814 3934 1890 3987 ut
1934 3920 2007 3985 fit
2036 3922 2202 3986 Tro-

176 4012 415 4086 chaicus.
2133 4083 2137 4087 ,

238 4124 364 4207 298.
394 4128 462 4201 F.
495 4124 631 4212 λε’.]
685 4126 1000 4192 Geminus
1037 4126 1191 4190 huic
1231 4125 1318 4191 est
1354 4123 1537 4190 locus
1578 4122 1903 4189 Plutarchi
1931 4122 1998 4185 in
2026 4122 2202 4188 The-

176 4214 254 4283 seo
288 4244 346 4309 p-
380 4230 436 4294 6.
477 4230 554 4295 E.
595 4228 768 4295 unde
803 4228 1108 4294 discimus
1147 4228 1288 4294 haec
1333 4225 1547 4292 sumta
1584 4226 1706 4292 efl'e
1734 4248 1812 4289 ex
1841 4222 2203 4295 Aristotelis

175 4318 482 4437 Rffpublica
509 4331 954 4399 Bottiaeorum·.
1042 4330 1364 4397 Trastavit
1391 4340 1850 4416 argumentum
1886 4324 2205 4393 Meurfius

1113 4452 1217 4516 ¹3
