2850 4817
537 387 618 449 54
815 370 898 428 1).
936 367 1035 426 w,
1075 364 1472 427 ANJMADV.
1510 368 1603 427 m
1642 322 2112 427 rhu-ranem
2150 370 2317 429 Lm.

535 552 576 595 a
599 518 820 615 σὲτὸρος,
854 528 1058 616 πυρά.
1143 525 1439 591 Valerius
1478 526 1661 591 Max.
1690 529 2081 615 Fragmento
2105 528 2213 593 De
2237 528 2613 595 Nominum

535 631 807 711 ratione,
835 628 1041 718 Spurii
1057 639 1236 716 patre
1261 628 1470 691 incerto
1488 629 1703 715 geniti,
1731 631 1901 719 quast
1924 628 2136 717 πόροι.
2202 630 2615 707 Modestinus

535 732 742 821 Digg.
776 736 834 797 Ι.
855 747 924 818 5,
947 752 1024 818 23
1042 731 1334 821 t—spurii
1374 730 1753 820 appellantur
1774 736 1933 819 παρὰ
1958 738 2053 809 τὴν
2080 738 2319 821 meniu,
2345 734 2417 798 id
2440 735 2541 819 cst,
2572 762 2618 801 a

517 836 778 923 satione.
845 834 1232 901 Justinianus
1261 833 1541 897 Institut.
1572 836 1630 897 I.
1660 854 1765 913 10,
1800 854 1902 901 12.
1956 834 2304 901 Addantur
2322 836 2621 925 Scaliger

429 955 438 963 ·
537 937 618 1001 ad
663 936 916 1002 Festum
952 937 1120 1000 Voc.
1155 934 1438 1014 Nathan,
1469 934 1585 1022 qui
1618 936 1795 1001 haud
1821 936 1951 1001 scio
1984 959 2067 1001 an
2096 950 2339 1003 temere
2365 939 2435 1003 in
2464 965 2617 1003 πο-

535 1036 678 1123 ρῖους
720 1036 858 1111 υἱοὺς
899 1044 1188 1116 καλοῦσιν,
1221 1036 1399 1123 quod
1439 1036 1527 1101 est
1564 1036 1755 1103 initio
1793 1038 1990 1124 hujus
2030 1038 2439 1125 Quaeffionss,
2470 1042 2621 1116 υἱοὺς

539 1141 825 1206 deletum
867 1140 1005 1206 vult
1026 1166 1045 1205 =
1104 1138 1453 1227 Menagius
1500 1139 1821 1205 Amoenit.
1860 1142 1999 1208 Jur.
2046 1140 2235 1205 civil.
2284 1142 2618 1207 XXXIX.

541 1241 955 1307 Plutarchum
1003 1240 1482 1327 reprehendens
1520 1240 1607 1306 de
1652 1244 1857 1305 ΣΙΝΕ
1904 1244 2214 1309 ΠΑΤΡΙΣ
2250 1264 2370 1330 pro
2405 1242 2619 1309 ΣΙΝΕ

539 1348 854 1410 nATPE:
900 1341 1080 1429 quod
1122 1341 1221 1406 vel
1265 1340 1607 1407 Plutarcho
1650 1341 1969 1421 excidifl‘e,
2005 1341 2105 1407 vel
2138 1367 2178 1407 a
2206 1344 2464 1409 librario
2504 1369 2619 1410 ve·

541 1444 694 1511 niffe
721 1434 959 1531 potuis.
989 1443 1323 1508 Voffianus
1351 1444 1516 1510 liber
1539 1445 1728 1529 supra
1746 1443 1836 1510 12
1860 1444 2058 1510 habet
2087 1445 2394 1531 scriptum
2417 1449 2514 1512 E:
2548 1462 2625 1513 et

539 1549 723 1614 Mez.
751 1545 1084 1611 annotavit
1109 1546 1352 1611 rectam
1384 1546 1785 1633 scripturam.

629 1650 776 1715 288.
805 1652 876 1713 F.
901 1647 1033 1735 pm]
1073 1647 1451 1713 Plutarchus
1480 1650 1773 1736 Sympos.
1802 1649 1959 1713 VII.
1989 1671 2057 1735 p.
2086 1651 2234 1733 716.
2258 1652 2336 1715 B.
2397 1651 2623 1718 Festus

541 1774 610 1839 p.
655 1758 782 1835 20'4
801 1777 819 1814 ε
880 1751 1066 1815 Liber
1105 1763 1362 1839 repertor
1403 1750 1541 1815 vini
1586 1752 1712 1815 ideo
1738 1752 1837 1835 stc
1874 1751 2234 1841 appellatur,
2274 1757 2431 1843 quod
2466 1757 2621 1820 vino

539 1855 720 1919 nimio
769 1855 860 1941 ufi
907 1853 1081 1919 libere
1131 1853 1479 1942 loquantur.
1564 1854 1929 1921 Alexander
1984 1855 2369 1943 intelligitur
2418 1856 2619 1942 Poly-

543 1957 773 2022 histor:
814 1959 1004 2035 λοιβὴν
1030 1955 1426 2022 reddendum
1456 1970 1592 2021 erat
1620 1956 1956 2021 libationem
1972 1983 1993 2021 .·
2023 1958 2181 2023 item
2206 1958 2620 2025 scribendum

543 2058 834 2139 Διονύσου,
872 2058 1046 2145 quod
1085 2080 1311 2123 omnes
1349 2057 1499 2123 libri
1540 2058 1703 2123 dant
1718 2084 1737 2122 ε
1784 2081 1917 2124 non
1944 2059 2249 2125 Διωνύσου.
2338 2062 2621 2127 Fortaffe

543 2158 738 2223 etiam
781 2159 1236 2247 corrigendum
1279 2161 1388 2224 ἀπὸ
1434 2166 1533 2223 τοῦ
1573 2163 1728 2245 παρὰ
1772 2162 2619 2249 Ἐλευθερὰς-προσαγορευο-

543 2261 727 2343 μένου,
765 2262 844 2324 ab
883 2285 968 2341 ιο,
1005 2265 1161 2350 quod
1191 2286 1394 2325 nomen
1422 2262 1594 2325 habet
1618 2263 1695 2326 ab
1719 2262 2060 2349 Eleuthcris
2088 2264 2346 2329 Boeotiae
2370 2266 2577 2353 oppido
2598 2294 2625 2331 .·

545 2373 613 2425 et
641 2360 996 2447 praepofitio
1035 2366 1188 2448 παρὰ
1229 2362 1310 2425 fic
1350 2362 1707 2447 usurpatur,
1744 2376 1813 2427 et
1841 2386 2077 2428 nomen
2104 2364 2330 2450 oppidi
2358 2366 2443 2429 est
2464 2366 2617 2452 plu-

544 2460 678 2525 rale
712 2458 1054 2547 Ἐλευθεραί·
1101 2461 1273 2553 apud
1303 2461 1672 2529 Pausaniam
1706 2464 1763 2527 I.
1790 2464 1899 2549 38.
1930 2487 1998 2552 p.
2029 2486 2135 2553 93.
2210 2466 2619 2553 Stephanum

547 2564 712 2650 Byz.
745 2562 814 2627 in
839 2564 1045 2629 Voce.

632 2687 698 2752 p.
733 2666 879 2752 289.
908 2667 998 2731 A.
1026 2665 1154 2754 pest]
1201 2668 1397 2733 Hunc
1426 2691 1675 2734 morem
1701 2692 1779 2740 ex
1808 2671 1935 2735 hoc
1963 2694 2095 2735 uno
2124 2670 2270 2735 loco
2299 2686 2623 2751 memorat

546 2765 893 2832 Brifl‘onius
918 2768 1023 2832 De
1063 2768 1221 2833 Ritu
1259 2772 1473 2858 Nupt.
1502 2792 1571 2857 p.
1602 2792 1753 2857 332.
1822 2772 2127 2853 Varronis
2167 2772 2624 2838 auctoritatem

547 2866 809 2933 adhibet
844 2868 1218 2957 Macrobius
1248 2874 1451 2937 Sat.I
1458 2888 1630 2957 .:15
1684 2872 1949 2939 Verrium
1976 2872 2315 2939 Flaccum
2270 2873 2453 2961 juris
2462 2889 2621 2962 pon-

549 2970 717 3059 tflcii
748 2984 929 3060 pent
905 2970 997 3059 ff
973 2996 1148 3037 mum
1189 2974 1381 3039 dicere
1397 2973 1651 3062 Jblitum
1684 2974 1864 3063 rqfcrt
1897 2976 2105 3055 Varro,
2134 2974 2466 3063 quiafcriis
2494 2988 2621 3039 ter-

542 3094 690 3166 gere
738 3084 962 3136 veteres
989 3071 1186 3161 jbffas
1227 3073 1445 3154 liceret,
1485 3098 1667 3139 novas
1694 3074 1908 3161 facere
1937 3076 2050 3163 jus
2097 3099 2213 3139 non
2257 3077 2438 3170 cffetg
2493 3076 2627 3141 ideo

549 3172 743 3259 magis
768 3174 970 3239 viduis
996 3200 1173 3263 quam
1197 3176 1529 3264 virginibus
1556 3178 1792 3243 idoneas
1817 3176 2127 3269 qffefcrias
2153 3180 2241 3241 ad
2260 3179 2619 3243 nubendum.
2648 3204 2657 3211 ·

412 3286 422 3296 ‘
638 3276 786 3362 289.
829 3277 908 3341 Β.
950 3276 1087 3365 ρς-’.]
1134 3278 1398 3343 Fortuna
1441 3280 1841 3367 Primigenia,
1883 3293 2275 3346 memoratur
2322 3279 2619 3367 Inscript.

550 3377 809 3441 Gruter.
855 3379 1040 3465 saepe.
1117 3380 1416 3447 Ciceroni
1454 3384 1616 3471 Leg.
1648 3385 1738 3447 11.
1776 3403 1878 3449 11.
1946 3383 2128 3449 Livio
2155 3384 2473 3449 XXXIV.
2503 3400 2619 3470 53.

551 3489 618 3541 et
669 3477 826 3543 alibi
878 3492 953 3543 ut
1017 3474 1199 3545 notat
1253 3484 1846 3549 Drakenborchius.
1932 3485 1995 3549 A
2049 3483 2266 3549 Servio
2323 3482 2625 3550 dedicata

550 3600 727 3669 rege,
749 3579 906 3646 item
940 3597 1151 3648 narrat
1177 3583 1557 3650 Plutarchus
1587 3586 1691 3651 De
1719 3588 1981 3651 Fortun.
2011 3587 2202 3651 Rom.
2235 3606 2301 3672 p.
2328 3604 2484 3671 322.
2518 3589 2595 3651 F.

639 3682 786 3771 289.
820 3683 900 3749 C.
933 3684 1063 3771 ςζ.]
1099 3685 1311 3752 Aliter
1338 3686 1558 3752 Livius
1582 3689 1738 3759 VII.
1772 3706 1842 3755 2:
1875 3688 2021 3777 quia
2048 3686 2220 3772 hister
2244 3688 2420 3774 Tusco
2442 3690 2623 3755 verbo

549 3782 711 3848 ludio
730 3786 1077 3866 vocabatur,
1111 3811 1318 3851 nomen
1344 3788 1709 3873 histrionibus
1738 3789 2027 3854 inditum.-
2056 3791 2215 3855 item
2236 3802 2305 3855 et
2330 3785 2623 3857 indidem

424 3962 440 3983 .
551 3884 846 3952 Valerius
883 3888 1064 3953 Max.
1096 3889 1186 3958 ΙΙ.
1211 3909 1278 3972 4,
1303 3910 1371 3971 4.
1443 3890 1703 3955 Diverse
1731 3892 1954 3957 Festus
1982 3914 2051 3979 p.
2087 3908 2249 3978 174:
2294 3890 2625 3975 Histriones

552 3987 698 4053 dicii
745 3990 898 4077 quod
942 3990 1197 4078 primum
1245 4016 1316 4055 ex
1359 3991 1597 4076 Hssria
1643 3995 1933 4059 venerint.
1990 4006 2060 4059 et
2109 3994 2383 4059 Ifidorus
2431 3994 2621 4083 Orig.
2660 3991 2670 3999 ³

553 4092 806 4156 XVIII.
837 4091 921 4172 48
947 4093 1199 4156 x—diai
1239 4104 1434 4157 aulem
1475 4093 1788 4179 histriones,
1808 4088 1947 4181 fine
1980 4097 2139 4185 quod
2170 4096 2248 4160 ab
2283 4094 2525 4180 Histria
2558 4096 2632 4163 id

545 4212 734 4277 genus
738 4190 830 4275 fit
858 4192 1182 4257 adduaum
1201 4195 1373 4281 efivc
1401 4196 1555 4283 quod
1564 4194 1870 4283 perplexas
1896 4196 2136 4281 historiis
2141 4196 2400 4284 fabulas
2428 4196 2625 4285 expri-

554 4303 793 4371 merent,
819 4295 989 4383 quast
1013 4292 1352 4381 historiones.
1418 4288 1753 4386 Lennepio
1782 4318 2036 4385 quoque
2065 4298 2505 4387 Etymologic.
2535 4301 2618 4367 L.
