<?xml version="1.0" encoding="UTF-8"?>
<!DOCTYPE html PUBLIC "-//W3C//DTD XHTML 1.0 Transitional//EN"
    "http://www.w3.org/TR/xhtml1/DTD/xhtml1-transitional.dtd">
<html xmlns="http://www.w3.org/1999/xhtml" xml:lang="en" lang="en">
 <head>
  <title>
</title>
<meta http-equiv="Content-Type" content="text/html;charset=utf-8" />
  <meta name='ocr-system' content='tesseract 3.04.00' />
  <meta name='ocr-capabilities' content='ocr_page ocr_carea ocr_par ocr_line ocrx_word'/>
</head>
<body>
  <div class='ocr_page' id='page_1' title='image "./ploutarchoutouc10unkngoog_0388.png"; bbox 0 0 2850 4817; ppageno 0'>
   <div class='ocr_carea' id='block_1_1' title="bbox 529 285 2338 412">
    <p class='ocr_par' dir='ltr' id='par_1_1' title="bbox 529 285 2338 412">
     <span class='ocr_line' id='line_1_1' title="bbox 529 285 2338 412; baseline -0.003 -30"><span class='ocrx_word' id='word_1_1' title='bbox 529 322 651 399; x_wconf 82' lang='lat'>³76</span> <span class='ocrx_word' id='word_1_2' title='bbox 796 285 891 382; x_wconf 70' lang='lat' dir='ltr'>n.</span> <span class='ocrx_word' id='word_1_3' title='bbox 930 321 1029 380; x_wconf 87' lang='lat' dir='ltr'>w.</span> <span class='ocrx_word' id='word_1_4' title='bbox 1071 291 1471 382; x_wconf 56' lang='lat' dir='ltr'><strong>A&#39;NIMADv,</strong></span> <span class='ocrx_word' id='word_1_5' title='bbox 1507 321 1605 380; x_wconf 77' lang='lat' dir='ltr'>m</span> <span class='ocrx_word' id='word_1_6' title='bbox 1643 317 2114 380; x_wconf 76' lang='lat' dir='ltr'>PLUTARcm</span> <span class='ocrx_word' id='word_1_7' title='bbox 2152 317 2338 412; x_wconf 55' lang='lat' dir='ltr'>Lm.</span> 
     </span>
    </p>
   </div>
   <div class='ocr_carea' id='block_1_2' title="bbox 421 473 2751 4244">
    <p class='ocr_par' dir='ltr' id='par_1_2' title="bbox 421 473 2751 4244">
     <span class='ocr_line' id='line_1_2' title="bbox 532 473 2615 570; baseline -0.004 -24"><span class='ocrx_word' id='word_1_8' title='bbox 532 481 652 546; x_wconf 80' lang='grc' dir='ltr'>καθ’</span> <span class='ocrx_word' id='word_1_9' title='bbox 684 477 924 570; x_wconf 69' lang='grc' dir='ltr'><strong><em>ίστοςίαν</em></strong></span> <span class='ocrx_word' id='word_1_10' title='bbox 948 481 1007 558; x_wconf 70' lang='grc' dir='ltr'><strong><em>δὲ</em></strong></span> <span class='ocrx_word' id='word_1_11' title='bbox 1034 479 1195 556; x_wconf 64' lang='grc' dir='ltr'><strong><em>ὀὐδεὶς</em></strong></span> <span class='ocrx_word' id='word_1_12' title='bbox 1236 479 1472 570; x_wconf 69' lang='grc' dir='ltr'><strong><em>ε’ίςηκενε</em></strong></span> <span class='ocrx_word' id='word_1_13' title='bbox 1519 481 1588 546; x_wconf 89' lang='lat' dir='ltr'>h.</span> <span class='ocrx_word' id='word_1_14' title='bbox 1617 479 1664 544; x_wconf 87' lang='lat' dir='ltr'>l.</span> <span class='ocrx_word' id='word_1_15' title='bbox 1691 501 1840 545; x_wconf 89' lang='lat' dir='ltr'>cum</span> <span class='ocrx_word' id='word_1_16' title='bbox 1872 477 2039 543; x_wconf 85' lang='lat' dir='ltr'>inter</span> <span class='ocrx_word' id='word_1_17' title='bbox 2063 479 2269 562; x_wconf 77' lang='grc' dir='ltr'><strong><em>μεστῇν</em></strong></span> <span class='ocrx_word' id='word_1_18' title='bbox 2296 487 2358 540; x_wconf 84' lang='lat' dir='ltr'>et</span> <span class='ocrx_word' id='word_1_19' title='bbox 2387 473 2615 562; x_wconf 75' lang='grc' dir='ltr'><strong><em>γνώρι-</em></strong></span> 
     </span>
     <span class='ocr_line' id='line_1_3' title="bbox 421 575 2621 670; baseline -0.004 -22"><span class='ocrx_word' id='word_1_20' title='bbox 421 585 461 648; x_wconf 82' lang='lat'>5</span> <span class='ocrx_word' id='word_1_21' title='bbox 468 589 516 665; x_wconf 87' lang='lat'><strong>9</strong></span> <span class='ocrx_word' id='word_1_22' title='bbox 531 609 633 667; x_wconf 85' lang='grc' dir='ltr'>μον</span> <span class='ocrx_word' id='word_1_23' title='bbox 662 583 919 650; x_wconf 88' lang='lat' dir='ltr'>verbum</span> <span class='ocrx_word' id='word_1_24' title='bbox 951 582 1242 649; x_wconf 78' lang='lat' dir='ltr'>excidiss‘e</span> <span class='ocrx_word' id='word_1_25' title='bbox 1264 595 1522 670; x_wconf 89' lang='lat' dir='ltr'>putaret</span> <span class='ocrx_word' id='word_1_26' title='bbox 1549 580 1889 647; x_wconf 87' lang='lat' dir='ltr'>Editorum</span> <span class='ocrx_word' id='word_1_27' title='bbox 1913 579 2200 667; x_wconf 75' lang='lat' dir='ltr'>quidam,</span> <span class='ocrx_word' id='word_1_28' title='bbox 2227 590 2294 642; x_wconf 90' lang='lat' dir='ltr'>ut</span> <span class='ocrx_word' id='word_1_29' title='bbox 2317 575 2621 664; x_wconf 83' lang='lat' dir='ltr'><strong>expleret</strong></span> 
     </span>
     <span class='ocr_line' id='line_1_4' title="bbox 532 675 2751 765; baseline -0.005 -14"><span class='ocrx_word' id='word_1_30' title='bbox 532 685 826 752; x_wconf 83' lang='lat' dir='ltr'><strong>lacunam</strong></span> <span class='ocrx_word' id='word_1_31' title='bbox 870 683 1113 748; x_wconf 79' lang='grc' dir='ltr'>διδόντων</span> <span class='ocrx_word' id='word_1_32' title='bbox 1156 684 1405 750; x_wconf 88' lang='lat' dir='ltr'>intrufit</span> <span class='ocrx_word' id='word_1_33' title='bbox 1447 706 1524 749; x_wconf 88' lang='lat' dir='ltr'>ex</span> <span class='ocrx_word' id='word_1_34' title='bbox 1567 683 1784 749; x_wconf 89' lang='lat' dir='ltr'>Schol.</span> <span class='ocrx_word' id='word_1_35' title='bbox 1828 681 2162 748; x_wconf 89' lang='lat' dir='ltr'>Theocrit.</span> <span class='ocrx_word' id='word_1_36' title='bbox 2202 678 2280 742; x_wconf 90' lang='lat' dir='ltr'>ad</span> <span class='ocrx_word' id='word_1_37' title='bbox 2323 681 2620 765; x_wconf 85' lang='lat' dir='ltr'><strong>Argum.</strong></span> <span class='ocrx_word' id='word_1_38' title='bbox 2693 675 2751 750; x_wconf 55' lang='lat' dir='ltr'>f</span> 
     </span>
     <span class='ocr_line' id='line_1_5' title="bbox 536 779 2617 873; baseline -0.005 -21"><span class='ocrx_word' id='word_1_39' title='bbox 536 787 637 852; x_wconf 89' lang='lat' dir='ltr'>Id.</span> <span class='ocrx_word' id='word_1_40' title='bbox 668 788 827 855; x_wconf 91' lang='lat' dir='ltr'>XVI</span> <span class='ocrx_word' id='word_1_41' title='bbox 836 832 851 850; x_wconf 93' lang='lat'><strong>.</strong></span> <span class='ocrx_word' id='word_1_42' title='bbox 880 809 1027 873; x_wconf 82' lang='lat' dir='ltr'>quae</span> <span class='ocrx_word' id='word_1_43' title='bbox 1056 798 1272 852; x_wconf 86' lang='lat' dir='ltr'>tamen</span> <span class='ocrx_word' id='word_1_44' title='bbox 1304 787 1427 852; x_wconf 74' lang='lat' dir='ltr'>voit</span> <span class='ocrx_word' id='word_1_45' title='bbox 1453 785 1674 852; x_wconf 83' lang='lat' dir='ltr'>vitiosa</span> <span class='ocrx_word' id='word_1_46' title='bbox 1703 797 1770 849; x_wconf 87' lang='lat' dir='ltr'>et</span> <span class='ocrx_word' id='word_1_47' title='bbox 1799 784 1866 849; x_wconf 89' lang='lat' dir='ltr'>in</span> <span class='ocrx_word' id='word_1_48' title='bbox 1893 784 2144 847; x_wconf 78' lang='grc' dir='ltr'><strong><em>δοθέντων</em></strong></span> <span class='ocrx_word' id='word_1_49' title='bbox 2169 779 2484 845; x_wconf 85' lang='lat' dir='ltr'>mutanda</span> <span class='ocrx_word' id='word_1_50' title='bbox 2505 781 2617 843; x_wconf 88' lang='lat' dir='ltr'>est.</span> 
     </span>
     <span class='ocr_line' id='line_1_6' title="bbox 536 881 2618 976; baseline -0.005 -21"><span class='ocrx_word' id='word_1_51' title='bbox 536 889 743 976; x_wconf 87' lang='lat' dir='ltr'><strong>Atqui</strong></span> <span class='ocrx_word' id='word_1_52' title='bbox 780 910 906 976; x_wconf 89' lang='lat' dir='ltr'>ego</span> <span class='ocrx_word' id='word_1_53' title='bbox 944 887 1204 976; x_wconf 76' lang='grc' dir='ltr'>ἀργυρίου</span> <span class='ocrx_word' id='word_1_54' title='bbox 1250 888 1651 954; x_wconf 79' lang='lat' dir='ltr'>librariorum</span> <span class='ocrx_word' id='word_1_55' title='bbox 1693 885 1938 952; x_wconf 83' lang='lat' dir='ltr'>incuria</span> <span class='ocrx_word' id='word_1_56' title='bbox 1980 885 2045 950; x_wconf 88' lang='lat' dir='ltr'>in</span> <span class='ocrx_word' id='word_1_57' title='bbox 2089 884 2356 970; x_wconf 74' lang='grc' dir='ltr'><strong><em>γνώριμον</em></strong></span> <span class='ocrx_word' id='word_1_58' title='bbox 2390 881 2618 947; x_wconf 81' lang='lat' dir='ltr'>abiifl&#39;e</span> 
     </span>
     <span class='ocr_line' id='line_1_7' title="bbox 538 982 2614 1078; baseline -0.004 -23"><span class='ocrx_word' id='word_1_59' title='bbox 538 1003 789 1078; x_wconf 87' lang='lat' dir='ltr'>putem,</span> <span class='ocrx_word' id='word_1_60' title='bbox 834 1001 903 1054; x_wconf 88' lang='lat' dir='ltr'>et</span> <span class='ocrx_word' id='word_1_61' title='bbox 946 988 1135 1054; x_wconf 85' lang='lat' dir='ltr'>verba</span> <span class='ocrx_word' id='word_1_62' title='bbox 1176 988 1270 1055; x_wconf 89' lang='lat' dir='ltr'>ita</span> <span class='ocrx_word' id='word_1_63' title='bbox 1310 987 1788 1054; x_wconf 83' lang='lat' dir='ltr'>constituenda:</span> <span class='ocrx_word' id='word_1_64' title='bbox 1833 993 1930 1065; x_wconf 78' lang='grc' dir='ltr'>τὴν</span> <span class='ocrx_word' id='word_1_65' title='bbox 1969 987 2028 1072; x_wconf 78' lang='grc' dir='ltr'><strong><em>δὲ</em></strong></span> <span class='ocrx_word' id='word_1_66' title='bbox 2069 989 2298 1068; x_wconf 77' lang='grc' dir='ltr'><strong><em>μεστὴν·</em></strong></span> <span class='ocrx_word' id='word_1_67' title='bbox 2319 982 2614 1072; x_wconf 63' lang='grc' dir='ltr'><strong><em>ἀργυρίου·</em></strong></span> 
     </span>
     <span class='ocr_line' id='line_1_8' title="bbox 536 1085 2610 1181; baseline -0.004 -25"><span class='ocrx_word' id='word_1_68' title='bbox 536 1091 937 1180; x_wconf 65' lang='grc' dir='ltr'><strong><em>περιφερόμενον</em></strong></span> <span class='ocrx_word' id='word_1_69' title='bbox 965 1090 1275 1181; x_wconf 62' lang='grc' dir='ltr'><strong><em>εὑρίσκεται</em></strong></span> <span class='ocrx_word' id='word_1_70' title='bbox 1320 1119 1378 1156; x_wconf 84' lang='grc' dir='ltr'>κ.</span> <span class='ocrx_word' id='word_1_71' title='bbox 1422 1097 1460 1156; x_wconf 78' lang='grc' dir='ltr'>ἶ.</span> <span class='ocrx_word' id='word_1_72' title='bbox 1498 1092 1549 1154; x_wconf 88' lang='grc' dir='ltr'><strong><em>δ.</em></strong></span> <span class='ocrx_word' id='word_1_73' title='bbox 1589 1094 1670 1164; x_wconf 73' lang='grc' dir='ltr'>οὐ,</span> <span class='ocrx_word' id='word_1_74' title='bbox 1711 1094 1779 1155; x_wconf 74' lang='grc' dir='ltr'>εἰ.</span> <span class='ocrx_word' id='word_1_75' title='bbox 1825 1088 2256 1178; x_wconf 73' lang='grc' dir='ltr'><strong><em>Πεςιφεςὸμενον</em></strong></span> <span class='ocrx_word' id='word_1_76' title='bbox 2296 1085 2610 1171; x_wconf 87' lang='lat' dir='ltr'>estfama,</span> 
     </span>
     <span class='ocr_line' id='line_1_9' title="bbox 538 1179 2617 1282; baseline -0.005 -22"><span class='ocrx_word' id='word_1_77' title='bbox 538 1193 819 1282; x_wconf 79' lang='lat' dir='ltr'>quaestne</span> <span class='ocrx_word' id='word_1_78' title='bbox 846 1203 993 1257; x_wconf 86' lang='lat' dir='ltr'>certo</span> <span class='ocrx_word' id='word_1_79' title='bbox 1024 1179 1293 1274; x_wconf 46' lang='lat' dir='ltr'>audere.</span> <span class='ocrx_word' id='word_1_80' title='bbox 1310 1193 1412 1282; x_wconf 86' lang='lat' dir='ltr'>qui</span> <span class='ocrx_word' id='word_1_81' title='bbox 1447 1217 1574 1258; x_wconf 87' lang='lat' dir='ltr'>eam</span> <span class='ocrx_word' id='word_1_82' title='bbox 1591 1191 1834 1282; x_wconf 85' lang='lat' dir='ltr'>scriptis</span> <span class='ocrx_word' id='word_1_83' title='bbox 1855 1191 2144 1279; x_wconf 79' lang='lat' dir='ltr'><em>prodidit,</em></span> <span class='ocrx_word' id='word_1_84' title='bbox 2177 1188 2578 1278; x_wconf 80' lang='lat' dir='ltr'>circumfertur</span> <span class='ocrx_word' id='word_1_85' title='bbox 2595 1212 2617 1250; x_wconf 80' lang='lat'>.-</span> 
     </span>
     <span class='ocr_line' id='line_1_10' title="bbox 540 1289 2610 1383; baseline -0.006 -21"><span class='ocrx_word' id='word_1_86' title='bbox 540 1295 725 1381; x_wconf 81' lang='lat' dir='ltr'>cujus</span> <span class='ocrx_word' id='word_1_87' title='bbox 766 1294 1238 1383; x_wconf 78' lang='lat' dir='ltr'>significationis</span> <span class='ocrx_word' id='word_1_88' title='bbox 1283 1294 1578 1381; x_wconf 85' lang='lat' dir='ltr'>exempla</span> <span class='ocrx_word' id='word_1_89' title='bbox 1619 1293 1836 1359; x_wconf 86' lang='lat' dir='ltr'>notavi</span> <span class='ocrx_word' id='word_1_90' title='bbox 1880 1294 1943 1358; x_wconf 89' lang='lat' dir='ltr'>in</span> <span class='ocrx_word' id='word_1_91' title='bbox 1989 1295 2116 1378; x_wconf 89' lang='lat' dir='ltr'>Ep.</span> <span class='ocrx_word' id='word_1_92' title='bbox 2167 1289 2331 1356; x_wconf 83' lang='lat' dir='ltr'>crit.</span> <span class='ocrx_word' id='word_1_93' title='bbox 2387 1311 2454 1375; x_wconf 89' lang='lat' dir='ltr'>p.</span> <span class='ocrx_word' id='word_1_94' title='bbox 2507 1290 2610 1353; x_wconf 91' lang='lat'>16.</span> 
     </span>
     <span class='ocr_line' id='line_1_11' title="bbox 542 1393 2611 1483; baseline -0.003 -21"><span class='ocrx_word' id='word_1_95' title='bbox 542 1399 620 1463; x_wconf 88' lang='lat' dir='ltr'>In</span> <span class='ocrx_word' id='word_1_96' title='bbox 664 1398 791 1462; x_wconf 88' lang='lat' dir='ltr'>hoe</span> <span class='ocrx_word' id='word_1_97' title='bbox 826 1411 1045 1462; x_wconf 90' lang='lat' dir='ltr'>autem</span> <span class='ocrx_word' id='word_1_98' title='bbox 1083 1397 1404 1463; x_wconf 82' lang='lat' dir='ltr'>Plutarchi</span> <span class='ocrx_word' id='word_1_99' title='bbox 1437 1397 1584 1464; x_wconf 85' lang='lat' dir='ltr'>loco</span> <span class='ocrx_word' id='word_1_100' title='bbox 1618 1396 1909 1462; x_wconf 89' lang='lat' dir='ltr'>membra</span> <span class='ocrx_word' id='word_1_101' title='bbox 1947 1395 2193 1483; x_wconf 87' lang='lat' dir='ltr'>periodi</span> <span class='ocrx_word' id='word_1_102' title='bbox 2238 1395 2490 1459; x_wconf 87' lang='lat' dir='ltr'>turbata</span> <span class='ocrx_word' id='word_1_103' title='bbox 2520 1393 2611 1456; x_wconf 87' lang='lat' dir='ltr'>vi-</span> 
     </span>
     <span class='ocr_line' id='line_1_12' title="bbox 542 1497 2610 1587; baseline -0.004 -19"><span class='ocrx_word' id='word_1_104' title='bbox 542 1499 797 1580; x_wconf 84' lang='lat' dir='ltr'>dentur,</span> <span class='ocrx_word' id='word_1_105' title='bbox 834 1514 910 1565; x_wconf 87' lang='lat' dir='ltr'>ut</span> <span class='ocrx_word' id='word_1_106' title='bbox 953 1499 1235 1566; x_wconf 84' lang='lat' dir='ltr'>Reiskius</span> <span class='ocrx_word' id='word_1_107' title='bbox 1272 1523 1528 1587; x_wconf 84' lang='lat' dir='ltr'>quoque</span> <span class='ocrx_word' id='word_1_108' title='bbox 1555 1499 1895 1586; x_wconf 86' lang='lat' dir='ltr'>judicavit,</span> <span class='ocrx_word' id='word_1_109' title='bbox 1924 1497 2411 1585; x_wconf 86' lang='lat' dir='ltr'>refingendaque</span> <span class='ocrx_word' id='word_1_110' title='bbox 2443 1497 2610 1561; x_wconf 87' lang='lat' dir='ltr'>forte</span> 
     </span>
     <span class='ocr_line' id='line_1_13' title="bbox 542 1597 2607 1690; baseline -0.003 -22"><span class='ocrx_word' id='word_1_111' title='bbox 542 1603 670 1668; x_wconf 87' lang='lat' dir='ltr'>hoc</span> <span class='ocrx_word' id='word_1_112' title='bbox 713 1602 949 1668; x_wconf 80' lang='lat' dir='ltr'>modo:</span> <span class='ocrx_word' id='word_1_113' title='bbox 997 1605 1265 1690; x_wconf 77' lang='grc' dir='ltr'><strong><em>διορῶντες</em></strong></span> <span class='ocrx_word' id='word_1_114' title='bbox 1300 1603 1476 1681; x_wconf 78' lang='grc' dir='ltr'><strong><em>ἡδονῆς</em></strong></span> <span class='ocrx_word' id='word_1_115' title='bbox 1509 1603 1611 1685; x_wconf 77' lang='grc' dir='ltr'>μὲν</span> <span class='ocrx_word' id='word_1_116' title='bbox 1645 1605 1854 1686; x_wconf 72' lang='grc' dir='ltr'><strong><em>μεστὴν</em></strong></span> <span class='ocrx_word' id='word_1_117' title='bbox 1892 1603 2037 1676; x_wconf 72' lang='grc' dir='ltr'><strong><em>εὐθὺς</em></strong></span> <span class='ocrx_word' id='word_1_118' title='bbox 2071 1604 2222 1678; x_wconf 77' lang='grc' dir='ltr'><strong><em>κενὴν</em></strong></span> <span class='ocrx_word' id='word_1_119' title='bbox 2241 1600 2407 1688; x_wconf 76' lang='grc' dir='ltr'><strong><em>χάριν</em></strong></span> <span class='ocrx_word' id='word_1_120' title='bbox 2435 1597 2607 1684; x_wconf 76' lang='grc' dir='ltr'>ἔχοῦ-</span> 
     </span>
     <span class='ocr_line' id='line_1_14' title="bbox 542 1691 2605 1792; baseline -0.003 -22"><span class='ocrx_word' id='word_1_121' title='bbox 542 1731 664 1785; x_wconf 90' lang='grc' dir='ltr'><strong><em>σης,</em></strong></span> <span class='ocrx_word' id='word_1_122' title='bbox 699 1705 911 1781; x_wconf 74' lang='grc' dir='ltr'><strong><em>ἐλπίδος</em></strong></span> <span class='ocrx_word' id='word_1_123' title='bbox 944 1709 987 1768; x_wconf 85' lang='grc' dir='ltr'><strong><em>δ’</em></strong></span> <span class='ocrx_word' id='word_1_124' title='bbox 1028 1703 1237 1791; x_wconf 66' lang='grc' dir='ltr'><strong><em>ἔρημον·</em></strong></span> <span class='ocrx_word' id='word_1_125' title='bbox 1284 1704 1592 1792; x_wconf 77' lang='grc' dir='ltr'><strong><em>εὑρίσκουσι</em></strong></span> <span class='ocrx_word' id='word_1_126' title='bbox 1639 1706 1740 1787; x_wconf 70' lang='grc' dir='ltr'>μὲν</span> <span class='ocrx_word' id='word_1_127' title='bbox 1780 1705 1959 1787; x_wconf 77' lang='grc' dir='ltr'><strong><em>φόβων</em></strong></span> <span class='ocrx_word' id='word_1_128' title='bbox 1998 1691 2093 1768; x_wconf 72' lang='grc' dir='ltr'>καὶ</span> <span class='ocrx_word' id='word_1_129' title='bbox 2135 1705 2267 1792; x_wconf 67' lang='grc' dir='ltr'><strong><em>πρὸς</em></strong></span> <span class='ocrx_word' id='word_1_130' title='bbox 2305 1705 2367 1766; x_wconf 82' lang='grc' dir='ltr'><strong><em>τὸ</em></strong></span> <span class='ocrx_word' id='word_1_131' title='bbox 2399 1701 2605 1786; x_wconf 78' lang='grc' dir='ltr'><strong><em>μέλλον</em></strong></span> 
     </span>
     <span class='ocr_line' id='line_1_15' title="bbox 542 1803 2603 1914; baseline -0.001 -44"><span class='ocrx_word' id='word_1_132' title='bbox 542 1805 803 1886; x_wconf 83' lang='grc' dir='ltr'><strong><em>ὑποψίας,</em></strong></span> <span class='ocrx_word' id='word_1_133' title='bbox 840 1805 1050 1889; x_wconf 73' lang='grc' dir='ltr'><strong><em>μνήμης</em></strong></span> <span class='ocrx_word' id='word_1_134' title='bbox 1086 1807 1130 1868; x_wconf 84' lang='grc' dir='ltr'><strong><em>δ’</em></strong></span> <span class='ocrx_word' id='word_1_135' title='bbox 1166 1809 1431 1914; x_wconf 61' lang='grc' dir='ltr'><strong><em>ἀτερποῦς</em></strong></span> <span class='ocrx_word' id='word_1_136' title='bbox 1456 1808 1584 1893; x_wconf 80' lang='grc' dir='ltr'><strong><em>πρὸς</em></strong></span> <span class='ocrx_word' id='word_1_137' title='bbox 1610 1811 1689 1870; x_wconf 86' lang='grc' dir='ltr'>τοὶ</span> <span class='ocrx_word' id='word_1_138' title='bbox 1714 1805 2105 1892; x_wconf 72' lang='grc' dir='ltr'><strong><em>προγενόμενα,</em></strong></span> <span class='ocrx_word' id='word_1_139' title='bbox 2135 1803 2400 1880; x_wconf 76' lang='grc' dir='ltr'><strong><em>ἀπιστίας</em></strong></span> <span class='ocrx_word' id='word_1_140' title='bbox 2425 1806 2482 1868; x_wconf 79' lang='grc' dir='ltr'><strong><em>δὲ</em></strong></span> <span class='ocrx_word' id='word_1_141' title='bbox 2513 1804 2603 1868; x_wconf 72' lang='grc' dir='ltr'>καὶ</span> 
     </span>
     <span class='ocr_line' id='line_1_16' title="bbox 542 1887 2601 1995; baseline -0.001 -24"><span class='ocrx_word' id='word_1_142' title='bbox 542 1915 729 1972; x_wconf 83' lang='grc' dir='ltr'><strong><em>λυπῶν</em></strong></span> <span class='ocrx_word' id='word_1_143' title='bbox 762 1908 890 1992; x_wconf 75' lang='grc' dir='ltr'><strong><em>πρὸς</em></strong></span> <span class='ocrx_word' id='word_1_144' title='bbox 927 1907 989 1970; x_wconf 82' lang='grc' dir='ltr'>τδ</span> <span class='ocrx_word' id='word_1_145' title='bbox 1016 1908 1185 1995; x_wconf 78' lang='grc' dir='ltr'><strong><em>παρὸν</em></strong></span> <span class='ocrx_word' id='word_1_146' title='bbox 1210 1887 1295 1971; x_wconf 69' lang='grc' dir='ltr'>ἀεὶ</span> <span class='ocrx_word' id='word_1_147' title='bbox 1326 1905 1636 1992; x_wconf 76' lang='grc' dir='ltr'><strong><em>γέμουσαν.</em></strong></span> <span class='ocrx_word' id='word_1_148' title='bbox 1723 1906 1834 1972; x_wconf 86' lang='lat' dir='ltr'>Ad</span> <span class='ocrx_word' id='word_1_149' title='bbox 1878 1906 2137 1971; x_wconf 70' lang='lat' dir='ltr'>similem</span> <span class='ocrx_word' id='word_1_150' title='bbox 2181 1904 2601 1992; x_wconf 81' lang='lat' dir='ltr'>comparatio-</span> 
     </span>
     <span class='ocr_line' id='line_1_17' title="bbox 548 2006 2604 2074; baseline -0.002 0"><span class='ocrx_word' id='word_1_151' title='bbox 548 2032 695 2074; x_wconf 88' lang='lat' dir='ltr'>nem</span> <span class='ocrx_word' id='word_1_152' title='bbox 726 2006 1070 2074; x_wconf 81' lang='lat' dir='ltr'>Simonidis</span> <span class='ocrx_word' id='word_1_153' title='bbox 1092 2006 1334 2072; x_wconf 65' lang='lat' dir='ltr'>dietum</span> <span class='ocrx_word' id='word_1_154' title='bbox 1366 2006 1662 2073; x_wconf 81' lang='lat' dir='ltr'>adhibuit</span> <span class='ocrx_word' id='word_1_155' title='bbox 1695 2006 2074 2074; x_wconf 85' lang='lat' dir='ltr'><strong>Plutarchus</strong></span> <span class='ocrx_word' id='word_1_156' title='bbox 2102 2009 2206 2073; x_wconf 91' lang='lat' dir='ltr'>De</span> <span class='ocrx_word' id='word_1_157' title='bbox 2238 2008 2474 2072; x_wconf 84' lang='lat' dir='ltr'>Cunos</span> <span class='ocrx_word' id='word_1_158' title='bbox 2482 2021 2604 2070; x_wconf 87' lang='lat' dir='ltr'>tate</span> 
     </span>
     <span class='ocr_line' id='line_1_18' title="bbox 546 2106 2606 2197; baseline -0.001 -25"><span class='ocrx_word' id='word_1_159' title='bbox 546 2131 614 2196; x_wconf 89' lang='lat' dir='ltr'>p.</span> <span class='ocrx_word' id='word_1_160' title='bbox 644 2129 797 2194; x_wconf 84' lang='lat'><strong>520.</strong></span> <span class='ocrx_word' id='word_1_161' title='bbox 831 2107 990 2174; x_wconf 89' lang='grc' dir='ltr'>Α.</span> <span class='ocrx_word' id='word_1_162' title='bbox 950 2136 1018 2175; x_wconf 89' lang='grc' dir='ltr'>αν</span> <span class='ocrx_word' id='word_1_163' title='bbox 1046 2113 1188 2194; x_wconf 85' lang='grc' dir='ltr'><strong><em>γαρ,</em></strong></span> <span class='ocrx_word' id='word_1_164' title='bbox 1216 2106 1397 2197; x_wconf 74' lang='grc' dir='ltr'><strong><em>ῶσπερ</em></strong></span> <span class='ocrx_word' id='word_1_165' title='bbox 1421 2114 1448 2173; x_wconf 83' lang='grc' dir='ltr'>ὁ</span> <span class='ocrx_word' id='word_1_166' title='bbox 1472 2109 1774 2194; x_wconf 77' lang='grc' dir='ltr'><strong><em>Σιμωνίδης</em></strong></span> <span class='ocrx_word' id='word_1_167' title='bbox 1805 2109 1989 2197; x_wconf 74' lang='grc' dir='ltr'><strong><em>ἔλεγε,</em></strong></span> <span class='ocrx_word' id='word_1_168' title='bbox 2020 2113 2120 2184; x_wconf 82' lang='grc' dir='ltr'><strong><em>τοὶς</em></strong></span> <span class='ocrx_word' id='word_1_169' title='bbox 2165 2110 2428 2189; x_wconf 78' lang='grc' dir='ltr'><strong><em>κιβωτοὺς</em></strong></span> <span class='ocrx_word' id='word_1_170' title='bbox 2469 2106 2606 2172; x_wconf 86' lang='grc' dir='ltr'><strong><em>ἀνοί-</em></strong></span> 
     </span>
     <span class='ocr_line' id='line_1_19' title="bbox 546 2211 2606 2298; baseline -0 -23"><span class='ocrx_word' id='word_1_171' title='bbox 546 2237 665 2298; x_wconf 82' lang='grc' dir='ltr'>γων</span> <span class='ocrx_word' id='word_1_172' title='bbox 689 2213 778 2274; x_wconf 71' lang='grc' dir='ltr'><strong><em>διὰ</em></strong></span> <span class='ocrx_word' id='word_1_173' title='bbox 801 2211 1026 2298; x_wconf 74' lang='grc' dir='ltr'><strong><em>χρόνου,</em></strong></span> <span class='ocrx_word' id='word_1_174' title='bbox 1050 2214 1145 2289; x_wconf 78' lang='grc' dir='ltr'>τὴν</span> <span class='ocrx_word' id='word_1_175' title='bbox 1167 2212 1268 2294; x_wconf 75' lang='grc' dir='ltr'>μὶν</span> <span class='ocrx_word' id='word_1_176' title='bbox 1294 2218 1401 2276; x_wconf 87' lang='grc' dir='ltr'>τῶν</span> <span class='ocrx_word' id='word_1_177' title='bbox 1427 2213 1635 2294; x_wconf 77' lang='grc' dir='ltr'><strong><em>μισθῶν</em></strong></span> <span class='ocrx_word' id='word_1_178' title='bbox 1663 2213 1746 2276; x_wconf 70' lang='grc' dir='ltr'>ἀεὶ</span> <span class='ocrx_word' id='word_1_179' title='bbox 1775 2217 2005 2294; x_wconf 81' lang='grc' dir='ltr'><strong><em>μεστὴν,</em></strong></span> <span class='ocrx_word' id='word_1_180' title='bbox 2025 2216 2120 2291; x_wconf 77' lang='grc' dir='ltr'>τὴν</span> <span class='ocrx_word' id='word_1_181' title='bbox 2147 2213 2202 2274; x_wconf 79' lang='grc' dir='ltr'><strong><em>δὲ</em></strong></span> <span class='ocrx_word' id='word_1_182' title='bbox 2230 2219 2340 2275; x_wconf 84' lang='grc' dir='ltr'>τῶν</span> <span class='ocrx_word' id='word_1_183' title='bbox 2364 2211 2606 2298; x_wconf 74' lang='grc' dir='ltr'><strong><em>χαρίτων</em></strong></span> 
     </span>
     <span class='ocr_line' id='line_1_20' title="bbox 546 2311 2607 2406; baseline 0 -30"><span class='ocrx_word' id='word_1_184' title='bbox 546 2313 811 2400; x_wconf 75' lang='grc' dir='ltr'><strong><em>εὑρίσκειν</em></strong></span> <span class='ocrx_word' id='word_1_185' title='bbox 832 2314 1002 2393; x_wconf 74' lang='grc' dir='ltr'><strong><em>κενήν·</em></strong></span> <span class='ocrx_word' id='word_1_186' title='bbox 1034 2311 1201 2388; x_wconf 71' lang='grc' dir='ltr'><strong><em>οὕτως</em></strong></span> <span class='ocrx_word' id='word_1_187' title='bbox 1230 2311 1296 2378; x_wconf 79' lang='grc' dir='ltr'>ἀν</span> <span class='ocrx_word' id='word_1_188' title='bbox 1321 2320 1417 2392; x_wconf 76' lang='grc' dir='ltr'><strong><em>τῆς</em></strong></span> <span class='ocrx_word' id='word_1_189' title='bbox 1448 2315 1982 2401; x_wconf 75' lang='grc' dir='ltr'><strong><em>πολυπραγμοσύνης</em></strong></span> <span class='ocrx_word' id='word_1_190' title='bbox 2009 2319 2104 2394; x_wconf 78' lang='grc' dir='ltr'>τὴν</span> <span class='ocrx_word' id='word_1_191' title='bbox 2132 2314 2400 2394; x_wconf 75' lang='grc' dir='ltr'><strong><em>ἀποθήκην</em></strong></span> <span class='ocrx_word' id='word_1_192' title='bbox 2426 2313 2607 2406; x_wconf 74' lang='grc' dir='ltr'><strong><em>ἀνοίγῃ</em></strong></span> 
     </span>
     <span class='ocr_line' id='line_1_21' title="bbox 546 2416 2604 2506; baseline 0 -28"><span class='ocrx_word' id='word_1_193' title='bbox 546 2418 635 2479; x_wconf 76' lang='grc' dir='ltr'><strong><em>διὰ</em></strong></span> <span class='ocrx_word' id='word_1_194' title='bbox 681 2416 887 2503; x_wconf 62' lang='grc' dir='ltr'><strong><em>χρόνου</em></strong></span> <span class='ocrx_word' id='word_1_195' title='bbox 941 2418 1037 2480; x_wconf 74' lang='grc' dir='ltr'>καὶ</span> <span class='ocrx_word' id='word_1_196' title='bbox 1094 2416 1556 2496; x_wconf 73' lang='grc' dir='ltr'><strong><em>κατασκᾶπτηται</em></strong></span> <span class='ocrx_word' id='word_1_197' title='bbox 1595 2425 1817 2482; x_wconf 79' lang='grc' dir='ltr'><strong><em>πολλῶν</em></strong></span> <span class='ocrx_word' id='word_1_198' title='bbox 1872 2419 2172 2506; x_wconf 74' lang='grc' dir='ltr'><strong><em>ἀχςῆστων</em></strong></span> <span class='ocrx_word' id='word_1_199' title='bbox 2221 2419 2318 2481; x_wconf 75' lang='grc' dir='ltr'>καὶ</span> <span class='ocrx_word' id='word_1_200' title='bbox 2371 2421 2604 2504; x_wconf 77' lang='grc' dir='ltr'><strong><em>ἀτερπῶν</em></strong></span> 
     </span>
     <span class='ocr_line' id='line_1_22' title="bbox 546 2516 2604 2608; baseline 0 -28"><span class='ocrx_word' id='word_1_201' title='bbox 546 2517 859 2600; x_wconf 73' lang='grc' dir='ltr'><strong><em>γέμουσαν,</em></strong></span> <span class='ocrx_word' id='word_1_202' title='bbox 886 2519 1022 2594; x_wconf 73' lang='grc' dir='ltr'><strong><em>ἴσως</em></strong></span> <span class='ocrx_word' id='word_1_203' title='bbox 1062 2516 1128 2582; x_wconf 76' lang='grc' dir='ltr'>ἀν</span> <span class='ocrx_word' id='word_1_204' title='bbox 1170 2523 1323 2604; x_wconf 76' lang='grc' dir='ltr'><strong><em>αὐτῷ</em></strong></span> <span class='ocrx_word' id='word_1_205' title='bbox 1361 2521 1425 2583; x_wconf 76' lang='grc' dir='ltr'><strong><em>τὸ</em></strong></span> <span class='ocrx_word' id='word_1_206' title='bbox 1457 2525 1704 2608; x_wconf 72' lang='grc' dir='ltr'><strong><em>πςᾶγμα</em></strong></span> <span class='ocrx_word' id='word_1_207' title='bbox 1729 2520 1998 2607; x_wconf 82' lang='grc' dir='ltr'><strong><em>προσταίη</em></strong></span> <span class='ocrx_word' id='word_1_208' title='bbox 2028 2522 2188 2598; x_wconf 76' lang='grc' dir='ltr'><strong><em>φανὲν</em></strong></span> <span class='ocrx_word' id='word_1_209' title='bbox 2215 2521 2370 2598; x_wconf 73' lang='grc' dir='ltr'><strong><em>ἀηδὲς</em></strong></span> <span class='ocrx_word' id='word_1_210' title='bbox 2397 2517 2604 2583; x_wconf 70' lang='grc' dir='ltr'><strong><em>παντοί-</em></strong></span> 
     </span>
     <span class='ocr_line' id='line_1_23' title="bbox 544 2619 2606 2708; baseline -0 -26"><span class='ocrx_word' id='word_1_211' title='bbox 544 2643 687 2682; x_wconf 83' lang='grc' dir='ltr'><strong><em>πασι</em></strong></span> <span class='ocrx_word' id='word_1_212' title='bbox 731 2620 825 2682; x_wconf 67' lang='grc' dir='ltr'>καὶ</span> <span class='ocrx_word' id='word_1_213' title='bbox 870 2622 1206 2704; x_wconf 78' lang='grc' dir='ltr'><strong><em>φλυαρῶδες.</em></strong></span> <span class='ocrx_word' id='word_1_214' title='bbox 1294 2621 1415 2688; x_wconf 80' lang='lat' dir='ltr'>De.</span> <span class='ocrx_word' id='word_1_215' title='bbox 1444 2620 1595 2706; x_wconf 71' lang='lat' dir='ltr'>cistis</span> <span class='ocrx_word' id='word_1_216' title='bbox 1632 2619 1948 2687; x_wconf 80' lang='lat' dir='ltr'>Simonidis</span> <span class='ocrx_word' id='word_1_217' title='bbox 1983 2621 2128 2686; x_wconf 83' lang='lat' dir='ltr'>satis</span> <span class='ocrx_word' id='word_1_218' title='bbox 2166 2623 2303 2686; x_wconf 83' lang='lat' dir='ltr'>fuse</span> <span class='ocrx_word' id='word_1_219' title='bbox 2340 2621 2606 2708; x_wconf 82' lang='lat' dir='ltr'>disputat</span> 
     </span>
     <span class='ocr_line' id='line_1_24' title="bbox 548 2711 2605 2810; baseline 0 -26"><span class='ocrx_word' id='word_1_220' title='bbox 548 2719 723 2784; x_wconf 88' lang='lat' dir='ltr'>Fulv.</span> <span class='ocrx_word' id='word_1_221' title='bbox 748 2711 1035 2785; x_wconf 79' lang='lat' dir='ltr'>&#39;Urfinus</span> <span class='ocrx_word' id='word_1_222' title='bbox 1076 2719 1159 2784; x_wconf 86' lang='lat' dir='ltr'>ad</span> <span class='ocrx_word' id='word_1_223' title='bbox 1204 2721 1585 2808; x_wconf 85' lang='lat' dir='ltr'>Lyricorum</span> <span class='ocrx_word' id='word_1_224' title='bbox 1637 2725 2023 2810; x_wconf 84' lang='lat' dir='ltr'>Fragmenta</span> <span class='ocrx_word' id='word_1_225' title='bbox 2073 2744 2138 2809; x_wconf 91' lang='lat' dir='ltr'>p.</span> <span class='ocrx_word' id='word_1_226' title='bbox 2183 2719 2605 2788; x_wconf 76' lang='lat' dir='ltr'>188.—Quod</span> 
     </span>
     <span class='ocr_line' id='line_1_25' title="bbox 548 2820 2607 2909; baseline 0 -23"><span class='ocrx_word' id='word_1_227' title='bbox 548 2821 821 2909; x_wconf 88' lang='lat' dir='ltr'>denique</span> <span class='ocrx_word' id='word_1_228' title='bbox 846 2820 928 2886; x_wconf 88' lang='lat' dir='ltr'>ad</span> <span class='ocrx_word' id='word_1_229' title='bbox 953 2821 1329 2888; x_wconf 87' lang='lat' dir='ltr'>sententiam</span> <span class='ocrx_word' id='word_1_230' title='bbox 1359 2823 1613 2903; x_wconf 87' lang='lat' dir='ltr'>attinet,</span> <span class='ocrx_word' id='word_1_231' title='bbox 1641 2824 1925 2889; x_wconf 85' lang='lat' dir='ltr'>colorem</span> <span class='ocrx_word' id='word_1_232' title='bbox 1944 2824 2182 2890; x_wconf 87' lang='lat' dir='ltr'>duxiffe</span> <span class='ocrx_word' id='word_1_233' title='bbox 2207 2825 2457 2889; x_wconf 87' lang='lat' dir='ltr'>videtur</span> <span class='ocrx_word' id='word_1_234' title='bbox 2481 2824 2607 2889; x_wconf 89' lang='lat' dir='ltr'>Plu-</span> 
     </span>
     <span class='ocr_line' id='line_1_26' title="bbox 549 2925 2604 3018; baseline -0.001 -27"><span class='ocrx_word' id='word_1_235' title='bbox 549 2925 831 2991; x_wconf 84' lang='lat' dir='ltr'>tarchus·</span> <span class='ocrx_word' id='word_1_236' title='bbox 853 2947 893 2990; x_wconf 89' lang='lat' dir='ltr'>a</span> <span class='ocrx_word' id='word_1_237' title='bbox 935 2926 1264 3014; x_wconf 82' lang='lat' dir='ltr'>Lycurge,</span> <span class='ocrx_word' id='word_1_238' title='bbox 1310 2926 1494 3018; x_wconf 87' lang='lat' dir='ltr'>cujus</span> <span class='ocrx_word' id='word_1_239' title='bbox 1533 2927 1754 2992; x_wconf 89' lang='lat' dir='ltr'>locum</span> <span class='ocrx_word' id='word_1_240' title='bbox 1793 2947 2104 3014; x_wconf 84' lang='lat' dir='ltr'>perquam</span> <span class='ocrx_word' id='word_1_241' title='bbox 2149 2927 2512 3015; x_wconf 82' lang='lat' dir='ltr'>elegantem</span> <span class='ocrx_word' id='word_1_242' title='bbox 2549 2926 2604 2988; x_wconf 88' lang='lat' dir='ltr'>in</span> 
     </span>
     <span class='ocr_line' id='line_1_27' title="bbox 547 3027 2605 3116; baseline -0.001 -23"><span class='ocrx_word' id='word_1_243' title='bbox 547 3027 852 3094; x_wconf 82' lang='lat' dir='ltr'>Latirmm</span> <span class='ocrx_word' id='word_1_244' title='bbox 893 3027 1246 3094; x_wconf 69' lang='lat' dir='ltr'>sennonem</span> <span class='ocrx_word' id='word_1_245' title='bbox 1287 3027 1600 3093; x_wconf 87' lang='lat' dir='ltr'>transtulit</span> <span class='ocrx_word' id='word_1_246' title='bbox 1639 3029 1918 3093; x_wconf 77' lang='lat' dir='ltr'>Rutilius</span> <span class='ocrx_word' id='word_1_247' title='bbox 1952 3031 2179 3116; x_wconf 83' lang='lat' dir='ltr'><strong>Lupus</strong></span> <span class='ocrx_word' id='word_1_248' title='bbox 2209 3032 2288 3095; x_wconf 94' lang='lat' dir='ltr'>L.</span> <span class='ocrx_word' id='word_1_249' title='bbox 2325 3031 2381 3093; x_wconf 66' lang='lat'>12</span> <span class='ocrx_word' id='word_1_250' title='bbox 2426 3050 2490 3115; x_wconf 91' lang='lat' dir='ltr'>p.</span> <span class='ocrx_word' id='word_1_251' title='bbox 2518 3047 2605 3092; x_wconf 84' lang='lat'>10.</span> 
     </span>
     <span class='ocr_line' id='line_1_28' title="bbox 548 3123 2609 3219; baseline -0 -25"><span class='ocrx_word' id='word_1_252' title='bbox 548 3130 733 3194; x_wconf 86' lang='lat' dir='ltr'>Nemo</span> <span class='ocrx_word' id='word_1_253' title='bbox 774 3131 926 3194; x_wconf 86' lang='lat' dir='ltr'>enim</span> <span class='ocrx_word' id='word_1_254' title='bbox 968 3123 1168 3194; x_wconf 79' lang='lat' dir='ltr'>nocens</span> <span class='ocrx_word' id='word_1_255' title='bbox 1185 3131 1324 3216; x_wconf 77' lang='lat' dir='ltr'>sine</span> <span class='ocrx_word' id='word_1_256' title='bbox 1344 3133 1576 3219; x_wconf 64' lang='lat' dir='ltr'>stimmo</span> <span class='ocrx_word' id='word_1_257' title='bbox 1617 3155 1861 3196; x_wconf 81' lang='lat' dir='ltr'>moerore</span> <span class='ocrx_word' id='word_1_258' title='bbox 1895 3131 1992 3218; x_wconf 74' lang='lat' dir='ltr'>est,</span> <span class='ocrx_word' id='word_1_259' title='bbox 2021 3132 2283 3211; x_wconf 79' lang='lat' dir='ltr'>Judices,</span> <span class='ocrx_word' id='word_1_260' title='bbox 2292 3133 2416 3218; x_wconf 87' lang='lat' dir='ltr'>sed</span> <span class='ocrx_word' id='word_1_261' title='bbox 2439 3129 2609 3194; x_wconf 83' lang='lat' dir='ltr'>multa</span> 
     </span>
     <span class='ocr_line' id='line_1_29' title="bbox 524 3221 2613 3322; baseline 0.002 -29"><span class='ocrx_word' id='word_1_262' title='bbox 524 3231 719 3316; x_wconf 83' lang='lat' dir='ltr'>fimul</span> <span class='ocrx_word' id='word_1_263' title='bbox 746 3257 873 3295; x_wconf 82' lang='lat' dir='ltr'>eum</span> <span class='ocrx_word' id='word_1_264' title='bbox 895 3234 1259 3321; x_wconf 78' lang='lat' dir='ltr'>perturbant.</span> <span class='ocrx_word' id='word_1_265' title='bbox 1354 3233 1530 3320; x_wconf 81' lang='lat' dir='ltr'>Quod</span> <span class='ocrx_word' id='word_1_266' title='bbox 1551 3232 1734 3320; x_wconf 73' lang='lat' dir='ltr'>adest,</span> <span class='ocrx_word' id='word_1_267' title='bbox 1745 3221 2163 3322; x_wconf 76' lang='lat' dir='ltr'>sollicitudinis</span> <span class='ocrx_word' id='word_1_268' title='bbox 2181 3234 2446 3320; x_wconf 73' lang='lat' dir='ltr'>plenum,</span> <span class='ocrx_word' id='word_1_269' title='bbox 2476 3233 2613 3320; x_wconf 85' lang='lat' dir='ltr'>quod</span> 
     </span>
     <span class='ocr_line' id='line_1_30' title="bbox 525 3327 2611 3426; baseline 0.001 -29"><span class='ocrx_word' id='word_1_270' title='bbox 525 3332 812 3422; x_wconf 73' lang='lat' dir='ltr'>ficturum</span> <span class='ocrx_word' id='word_1_271' title='bbox 856 3333 951 3421; x_wconf 72' lang='lat' dir='ltr'>est,</span> <span class='ocrx_word' id='word_1_272' title='bbox 966 3335 1431 3426; x_wconf 75' lang='lat' dir='ltr'>formidolosum,</span> <span class='ocrx_word' id='word_1_273' title='bbox 1478 3336 1576 3401; x_wconf 72' lang='lat' dir='ltr'>lex</span> <span class='ocrx_word' id='word_1_274' title='bbox 1609 3327 1893 3425; x_wconf 57' lang='lat' dir='ltr'>para&#39;tum</span> <span class='ocrx_word' id='word_1_275' title='bbox 1917 3337 2271 3426; x_wconf 82' lang='lat' dir='ltr'>supplicium</span> <span class='ocrx_word' id='word_1_276' title='bbox 2316 3335 2611 3423; x_wconf 75' lang='lat' dir='ltr'>ostentans,</span> 
     </span>
     <span class='ocr_line' id='line_1_31' title="bbox 548 3435 2613 3527; baseline 0.001 -27"><span class='ocrx_word' id='word_1_277' title='bbox 548 3435 706 3500; x_wconf 81' lang='lat' dir='ltr'>vitia</span> <span class='ocrx_word' id='word_1_278' title='bbox 752 3461 823 3500; x_wconf 77' lang='lat' dir='ltr'>ex</span> <span class='ocrx_word' id='word_1_279' title='bbox 868 3437 1035 3502; x_wconf 76' lang='lat' dir='ltr'>vitiis</span> <span class='ocrx_word' id='word_1_280' title='bbox 1082 3448 1301 3518; x_wconf 64' lang='lat' dir='ltr'>coacta,</span> <span class='ocrx_word' id='word_1_281' title='bbox 1344 3439 1676 3524; x_wconf 80' lang='lat' dir='ltr'>occasionem</span> <span class='ocrx_word' id='word_1_282' title='bbox 1719 3439 2016 3527; x_wconf 82' lang='lat' dir='ltr'>arguendi</span> <span class='ocrx_word' id='word_1_283' title='bbox 2059 3437 2342 3525; x_wconf 72' lang='lat' dir='ltr'>maleficii</span> <span class='ocrx_word' id='word_1_284' title='bbox 2381 3452 2613 3526; x_wconf 81' lang='lat' dir='ltr'>captans</span> 
     </span>
     <span class='ocr_line' id='line_1_32' title="bbox 550 3538 2610 3630; baseline 0.001 -28"><span class='ocrx_word' id='word_1_285' title='bbox 550 3538 813 3602; x_wconf 85' lang='lat' dir='ltr'>inimicus</span> <span class='ocrx_word' id='word_1_286' title='bbox 830 3567 852 3603; x_wconf 82' lang='lat'>.-</span> <span class='ocrx_word' id='word_1_287' title='bbox 895 3563 1026 3625; x_wconf 79' lang='lat' dir='ltr'>quae</span> <span class='ocrx_word' id='word_1_288' title='bbox 1067 3542 1397 3629; x_wconf 86' lang='lat' dir='ltr'>quotidiano</span> <span class='ocrx_word' id='word_1_289' title='bbox 1437 3543 1796 3606; x_wconf 83' lang='lat' dir='ltr'>vehementer</span> <span class='ocrx_word' id='word_1_290' title='bbox 1823 3542 1942 3630; x_wconf 64' lang='lat' dir='ltr'>ejus</span> <span class='ocrx_word' id='word_1_291' title='bbox 1971 3541 2227 3604; x_wconf 86' lang='lat' dir='ltr'>animum</span> <span class='ocrx_word' id='word_1_292' title='bbox 2264 3541 2610 3604; x_wconf 77' lang='lat' dir='ltr'>excruciant.</span> 
     </span>
     <span class='ocr_line' id='line_1_33' title="bbox 550 3639 2614 3731; baseline 0 -28"><span class='ocrx_word' id='word_1_293' title='bbox 550 3639 829 3728; x_wconf 85' lang='lat' dir='ltr'>Egregie</span> <span class='ocrx_word' id='word_1_294' title='bbox 870 3641 1115 3707; x_wconf 89' lang='lat' dir='ltr'>Seneca</span> <span class='ocrx_word' id='word_1_295' title='bbox 1156 3645 1279 3730; x_wconf 89' lang='lat' dir='ltr'>Ep.</span> <span class='ocrx_word' id='word_1_296' title='bbox 1329 3643 1472 3708; x_wconf 90' lang='lat' dir='ltr'>CV.</span> <span class='ocrx_word' id='word_1_297' title='bbox 1519 3643 1628 3708; x_wconf 89' lang='lat' dir='ltr'>fin.</span> <span class='ocrx_word' id='word_1_298' title='bbox 1701 3643 1922 3708; x_wconf 87' lang='lat' dir='ltr'>Tutum</span> <span class='ocrx_word' id='word_1_299' title='bbox 1973 3643 2178 3731; x_wconf 87' lang='lat' dir='ltr'>aliqua</span> <span class='ocrx_word' id='word_1_300' title='bbox 2221 3667 2314 3706; x_wconf 82' lang='lat' dir='ltr'>res</span> <span class='ocrx_word' id='word_1_301' title='bbox 2355 3643 2420 3706; x_wconf 86' lang='lat' dir='ltr'>in</span> <span class='ocrx_word' id='word_1_302' title='bbox 2461 3641 2614 3706; x_wconf 85' lang='lat' dir='ltr'>mala</span> 
     </span>
     <span class='ocr_line' id='line_1_34' title="bbox 552 3742 2616 3833; baseline 0.001 -27"><span class='ocrx_word' id='word_1_303' title='bbox 552 3742 889 3831; x_wconf 84' lang='lat' dir='ltr'>conscientia</span> <span class='ocrx_word' id='word_1_304' title='bbox 916 3742 1180 3830; x_wconf 78' lang='lat' dir='ltr'>praestat‚</span> <span class='ocrx_word' id='word_1_305' title='bbox 1209 3743 1381 3808; x_wconf 86' lang='lat' dir='ltr'>nulla</span> <span class='ocrx_word' id='word_1_306' title='bbox 1396 3746 1670 3831; x_wconf 69' lang='lat' dir='ltr'>securum</span> <span class='ocrx_word' id='word_1_307' title='bbox 1691 3771 1712 3809; x_wconf 94' lang='lat'>.·</span> <span class='ocrx_word' id='word_1_308' title='bbox 1754 3757 1933 3833; x_wconf 79' lang='lat' dir='ltr'>putat</span> <span class='ocrx_word' id='word_1_309' title='bbox 1968 3746 2118 3809; x_wconf 81' lang='lat' dir='ltr'>enim</span> <span class='ocrx_word' id='word_1_310' title='bbox 2133 3747 2230 3832; x_wconf 75' lang='lat' dir='ltr'>fi,</span> <span class='ocrx_word' id='word_1_311' title='bbox 2260 3747 2488 3831; x_wconf 84' lang='lat' dir='ltr'>etiamst</span> <span class='ocrx_word' id='word_1_312' title='bbox 2511 3768 2616 3808; x_wconf 81' lang='lat' dir='ltr'>non</span> 
     </span>
     <span class='ocr_line' id='line_1_35' title="bbox 550 3836 2616 3938; baseline 0.001 -31"><span class='ocrx_word' id='word_1_313' title='bbox 550 3845 1018 3934; x_wconf 80' lang='lat' dir='ltr'>deprehenditur,</span> <span class='ocrx_word' id='word_1_314' title='bbox 1059 3849 1212 3934; x_wconf 79' lang='lat' dir='ltr'>poffl</span> <span class='ocrx_word' id='word_1_315' title='bbox 1253 3849 1604 3938; x_wconf 83' lang='lat' dir='ltr'>deprehendi</span> <span class='ocrx_word' id='word_1_316' title='bbox 1621 3874 1642 3913; x_wconf 92' lang='lat'>.·</span> <span class='ocrx_word' id='word_1_317' title='bbox 1671 3836 1744 3912; x_wconf 50' lang='lat' dir='ltr'>&#39;et</span> <span class='ocrx_word' id='word_1_318' title='bbox 1793 3849 1945 3912; x_wconf 85' lang='lat' dir='ltr'>inter</span> <span class='ocrx_word' id='word_1_319' title='bbox 1967 3849 2205 3935; x_wconf 84' lang='lat' dir='ltr'>somnos</span> <span class='ocrx_word' id='word_1_320' title='bbox 2245 3859 2526 3926; x_wconf 84' lang='lat' dir='ltr'>movetur,</span> <span class='ocrx_word' id='word_1_321' title='bbox 2569 3859 2616 3910; x_wconf 84' lang='lat' dir='ltr'>et</span> 
     </span>
     <span class='ocr_line' id='line_1_36' title="bbox 550 3948 2618 4040; baseline 0 -29"><span class='ocrx_word' id='word_1_322' title='bbox 550 3948 761 4034; x_wconf 81' lang='lat' dir='ltr'>quoties</span> <span class='ocrx_word' id='word_1_323' title='bbox 786 3949 1053 4039; x_wconf 70' lang='lat' dir='ltr'>alicujus</span> <span class='ocrx_word' id='word_1_324' title='bbox 1071 3949 1269 4037; x_wconf 81' lang='lat' dir='ltr'>scelus</span> <span class='ocrx_word' id='word_1_325' title='bbox 1312 3950 1588 4037; x_wconf 86' lang='lat' dir='ltr'>quuitur,</span> <span class='ocrx_word' id='word_1_326' title='bbox 1627 3953 1700 4016; x_wconf 85' lang='lat' dir='ltr'>de</span> <span class='ocrx_word' id='word_1_327' title='bbox 1713 3953 1831 4038; x_wconf 88' lang='lat' dir='ltr'>suo</span> <span class='ocrx_word' id='word_1_328' title='bbox 1873 3953 2113 4040; x_wconf 78' lang='lat' dir='ltr'>cogitat.</span> <span class='ocrx_word' id='word_1_329' title='bbox 2201 3951 2339 4014; x_wconf 91' lang='lat' dir='ltr'>Non</span> <span class='ocrx_word' id='word_1_330' title='bbox 2343 3950 2506 4037; x_wconf 83' lang='lat' dir='ltr'>satis</span> <span class='ocrx_word' id='word_1_331' title='bbox 2531 3949 2618 4012; x_wconf 88' lang='lat' dir='ltr'>illi</span> 
     </span>
     <span class='ocr_line' id='line_1_37' title="bbox 548 4049 2615 4140; baseline 0.003 -30"><span class='ocrx_word' id='word_1_332' title='bbox 548 4049 940 4118; x_wconf 83' lang='lat' dir='ltr'>oblitteratum</span> <span class='ocrx_word' id='word_1_333' title='bbox 990 4053 1247 4134; x_wconf 80' lang='lat' dir='ltr'>videtur,</span> <span class='ocrx_word' id='word_1_334' title='bbox 1296 4077 1410 4118; x_wconf 82' lang='lat' dir='ltr'>non</span> <span class='ocrx_word' id='word_1_335' title='bbox 1438 4051 1601 4140; x_wconf 88' lang='lat' dir='ltr'>satis</span> <span class='ocrx_word' id='word_1_336' title='bbox 1654 4062 1882 4120; x_wconf 70' lang='lat' dir='ltr'>teb&#39;tum.</span> <span class='ocrx_word' id='word_1_337' title='bbox 1971 4053 2194 4118; x_wconf 82' lang='lat' dir='ltr'>Nocens</span> <span class='ocrx_word' id='word_1_338' title='bbox 2243 4053 2450 4116; x_wconf 79' lang='lat' dir='ltr'>habuit</span> <span class='ocrx_word' id='word_1_339' title='bbox 2496 4052 2615 4116; x_wconf 82' lang='lat' dir='ltr'>ali-</span> 
     </span>
     <span class='ocr_line' id='line_1_38' title="bbox 550 4147 2618 4244; baseline 0.004 -31"><span class='ocrx_word' id='word_1_340' title='bbox 550 4155 781 4235; x_wconf 85' lang='lat' dir='ltr'>quando</span> <span class='ocrx_word' id='word_1_341' title='bbox 798 4153 1807 4244; x_wconf 76' lang='lat' dir='ltr'>fortunam‚-‚nunquamflduciam.</span> <span class='ocrx_word' id='word_1_342' title='bbox 1897 4147 2022 4222; x_wconf 81' lang='lat' dir='ltr'>His</span> <span class='ocrx_word' id='word_1_343' title='bbox 2052 4173 2144 4223; x_wconf 77' lang='lat' dir='ltr'>ac·</span> <span class='ocrx_word' id='word_1_344' title='bbox 2160 4153 2394 4220; x_wconf 85' lang='lat' dir='ltr'>talibus</span> <span class='ocrx_word' id='word_1_345' title='bbox 2423 4155 2618 4222; x_wconf 86' lang='lat' dir='ltr'>ratio·</span> 
     </span>
    </p>
   </div>
  </div>
 </body>
</html>
