2850 4817
550 265 663 324 16⁴2
846 233 924 323 i).
966 264 1062 322 w.
1105 264 1504 324 AmMADv.
1547 264 1636 324 m
1679 215 2150 325 rhua-Auem
2191 259 2392 322 Lm·

547 423 881 492 Prodi-om.
919 446 993 512 p.
1026 439 1171 508 171.
1214 414 1397 511 piget
1422 422 1598 490 enim
1631 435 1846 492 totum
1878 423 2100 491 locum
2129 424 2398 502 referre,
2423 445 2640 513 aegro·

545 527 745 592 tantis
774 527 1021 592 somnio
1063 526 1482 591 fimillimum.
1571 524 1950 592 Herodotus
1990 538 2212 590 autem
2239 524 2420 592 aliud
2449 528 2644 614 plane

544 629 706 694 dicit
737 632 828 694 II.
864 649 971 715 15·
1045 628 1590 694 Psammetichum
1632 627 1898 692 Ionibus
1939 642 2010 694 et
2053 627 2332 694 Caribus
2357 629 2638 696 domici-

544 732 633 797 lia
674 732 973 818 sedesque
1016 733 1083 796 in
1120 734 1419 818 AEgypto
1446 729 1828 796 habitandas
1857 730 2120 812 dediffe,
2147 743 2218 796 et
2245 753 2486 818 pueros
2517 735 2638 800 AE-

542 837 809 923 gyptios
854 833 1175 900 tradidiffe
1219 835 1445 922 lin‘gua
1471 835 1704 900 Graeca
1730 833 2144 914 erudiendos,
2174 857 2216 900 a
2239 836 2484 923 quibus
2513 838 2629 904 lin-

540 957 741 1026 guam
786 937 965 1002 istam
1008 937 1257 1004 edoetie
1298 950 1482 1002 ortos
1516 937 1640 1002 effe
1677 959 1790 1002 eos
1823 937 1940 1024 qui
1971 960 2144 1003 nunc
2187 937 2387 1003 effent
2415 940 2480 1002 in
2519 941 2634 1004 AE-

542 1055 753 1128 gypto
786 1040 1195 1128 interpretes·
1280 1040 1610 1105 Caeterum
1641 1040 1777 1125 post
1809 1040 2198 1106 Kircherum
2227 1064 2342 1128 per
2369 1057 2634 1108 centum

400 1183 408 1190 -
545 1143 680 1208 fere
720 1165 925 1208 annos
968 1165 1183 1222 nemo,
1230 1143 1410 1229 quod
1445 1143 1738 1220 sciamus,
1769 1141 1898 1206 fuit
1939 1143 2050 1229 qui
2079 1167 2182 1208 res
2210 1146 2634 1232 AEgyptiacas

544 1242 635 1309 ita
676 1243 1103 1310 conscriberet
1136 1241 1219 1310 ut'
1246 1245 1329 1308 iis
1354 1243 1699 1330 Copticam
1730 1244 2024 1331 linguam
2052 1245 2412 1312 adhiberet.
2503 1249 2631 1312 Ex·

356 1367 405 1400 ·.
444 1357 455 1361 ”
544 1347 699 1413 stitit
750 1347 1017 1413 demum
1076 1347 1307 1412 saeculo
1360 1346 1684 1432 superiore
1744 1346 1982 1426 medio,
2033 1347 2148 1435 qui
2198 1348 2325 1414 hoc
2383 1365 2630 1437 ageret,

544 1450 999 1514 eruditiffimue
1022 1449 1399 1538 Theologus
1433 1448 1665 1512 Paulus
1695 1450 1992 1514 Emestus
2020 1449 2392 1530 Jablon1k13
2415 1453 2632 1518 ‘allata

543 1552 919 1640 cognitione
956 1552 1155 1639 hujus
1196 1551 1566 1638 argumenti
1603 1571 1684 1614 ex
1722 1551 1904 1616 omni
1932 1551 2332 1638 Scriptorum
2367 1577 2627 1641 genere,

542 1673 695 1720 eum
732 1653 1191 1733 recentiorum,
1222 1666 1365 1718 tum
1404 1654 1470 1717 in
1512 1652 1734 1739 primis
1777 1654 2217 1741 antiquorum,
2248 1657 2630 1724 Graecorum

540 1770 610 1820 et
651 1759 1090 1824 Romanorum
1119 1777 1139 1834 3
1186 1777 1353 1842 quos
1389 1777 1620 1820 omnes
1649 1755 1897 1842 legerat
1933 1779 2087 1822 eum
2115 1771 2290 1824 oerte
2319 1759 2626 1826 adfinem

542 1871 619 1922 ut
648 1857 964 1946 quidquid
996 1858 1059 1922 in
1092 1858 1173 1922 iis
1198 1857 1284 1922 ad
1312 1879 1413 1922 res
1436 1856 1864 1945 AEgyptiacas
1889 1859 2228 1945 spectaret,
2253 1875 2626 1948 excerptum

540 1974 1057 2048 annotatumque
1086 1961 1392 2025 haberet:
1438 1961 1726 2026 universa
1751 1983 1944 2047 porro
1973 1963 2244 2027 materia
2271 1964 2356 2028 ad
2385 1980 2624 2030 certam

542 2063 856 2129 rationem
882 2063 1201 2141 ordinata,
1230 2063 1313 2127 ad
1331 2062 1566 2151 judicii
1591 2062 1886 2149 reg-ulem
1907 2063 2154 2144 exacta,
2179 2065 2246 2129 in
2275 2067 2426 2134 suos
2451 2067 2626 2132 locos

542 2165 882 2252 descripta,
924 2178 1140 2231 totum
1180 2164 1357 2248 huno
1393 2164 1706 2250 doctrinae
1733 2165 1954 2230 locum
1984 2189 2148 2230 nova
2174 2167 2324 2232 luce
2351 2168 2620 2235 illustra-

434 2315 439 2320 ·
539 2282 664 2349 ret,
706 2269 967 2356 ejusque
1012 2267 1196 2332 studii
1234 2289 1401 2352 opus
1448 2268 1880 2356 effectumque
1923 2269 2228 2355 proderet
2268 2272 2622 2358 compluri-

539 2373 662 2436 bus
705 2371 905 2450 libris,
946 2369 1269 2456 praecipue
1316 2370 1602 2434 Pantheo
1639 2369 2128 2458 AEgyptiorum,
2160 2386 2304 2436 tum
2332 2374 2476 2440 aliis
2503 2375 2620 2439 fin-

538 2474 895 2560 gularibuS,
928 2473 1163 2558 partim
1193 2471 1438 2536 seorfim
1469 2471 1661 2536 editis
1693 2472 1926 2559 partim
1955 2472 2214 2538 ineditis
2242 2476 2470 2558 mod0‚
2497 2500 2620 2543 nu·-

540 2575 817 2661 perrime
857 2585 1075 2639 autem
1120 2595 1253 2638 una
1292 2573 1580 2638 editione
1626 2573 1913 2640 collefitie
1962 2589 2031 2641 et
2079 2576 2358 2664 vulgatis
2407 2602 2448 2644 a
2493 2581 2616 2645 Te-

540 2689 781 2742 watero
829 2675 1039 2740 nostro
1087 2675 1254 2740 inter
1302 2675 1596 2741 eruditos
1641 2689 1712 2740 et
1758 2675 1896 2762 ipso
1944 2677 2176 2766 infigni
2224 2679 2620 2768 Theologos.

538 2778 735 2864 Quod
784 2792 1003 2843 autem
1060 2777 1376 2860 diximus7
1416 2778 1860 2846 Jablonikium
1913 2805 2006 2845 res
2054 2777 2476 2869 'AEgyptiacas
2533 2782 2622 2846 ita

538 2879 956 2968 conscripfiffe
996 2895 1067 2946 ut
1105 2881 1183 2946 iis
1226 2881 1526 2970 Copticam
1569 2880 1842 2968 linguam
1885 2882 2241 2962 adhiberet,
2267 2896 2618 2971 utrumque

537 2982 727 3070 quale
755 2983 828 3048 fit
852 2981 1215 3048 accuratius
1252 2981 1688 3047 definiendum
1727 2982 1840 3046 est.
1927 2984 2102 3048 Nam
2133 2983 2478 3051 nominum
2503 2986 2620 3050 AE-

534 3086 912 3172 gyptiorum
941 3107 980 3149 a
1010 3084 1257 3150 Graecis
1284 3085 1548 3172 aliisque
1578 3083 1834 3171 populis
1855 3100 2362 3178 memoratorum
2393 3086 2616 3175 fignifi-
2690 3069 2696 3080 ’

533 3188 854 3262 cntionem
882 3187 975 3252 ita
1000 3188 1243 3275 aperire
1274 3187 1548 3266 studuit,
1567 3201 1642 3251 ut
1673 3209 1749 3251 ea
1773 3209 1927 3252 cum
1959 3186 2264 3254 fimilibus
2293 3189 2616 3258 vocabulis

532 3289 919 3356 Testamenti
953 3289 1216 3377 Coptici
1244 3291 1328 3357 V.
1357 3303 1427 3355 et
1454 3291 1545 3354 N.
1574 3304 2001 3376 compararet.
2091 3291 2262 3356 Quae
2306 3292 2474 3358 ratio
2509 3291 2613 3358 etfi

534 3375 1022 3479 nonnumquam
1062 3391 1481 3486 probabiliter
1523 3391 1805 3470 cederet,
1832 3405 2054 3458 tamen
2092 3393 2382 3460 universe
2419 3393 2611 3460 effici·

531 3494 702 3559 endo
758 3496 1081 3582 proposito
1138 3495 1369 3583 triplex
1418 3493 1965 3580 impedimentum
2017 3496 2389 3584 objiciebat.
2480 3497 2610 3564 Pri·

452 3582 463 3588 ’
532 3619 739 3677 mum,
776 3597 913 3685 jam
960 3599 1147 3685 supra
1187 3597 1462 3676 dietum,
1492 3608 1633 3662 erat
1668 3597 1735 3660 in
1774 3597 1910 3688 ipsa
1949 3598 2062 3664 ista
2097 3599 2345 3688 lingua,
2389 3601 2456 3666 in
2497 3624 2611 3666 cu-

518 3699 635 3786 jus
672 3701 991 3788 farragine
1033 3701 1177 3787 quis
1216 3699 1479 3765 tandem
1524 3699 1796 3764 affirmet
1837 3701 1996 3787 quid
2033 3716 2216 3767 vetus
2252 3715 2318 3768 et
2355 3727 2611 3791 germa-

530 3824 691 3866 num
729 3802 1195 3890 AEgyptiaeum
1240 3802 1353 3866 fit?
1403 3823 1486 3864 ne
1530 3801 1586 3865 is
1627 3801 1890 3888 quidem
1937 3805 2050 3891 qui
2091 3803 2354 3894 linguas
2381 3808 2610 3873 Orien·

528 3904 689 3968 tales
726 3904 879 3969 alias
926 3917 1167 3983 teneat,
1212 3925 1484 3990 quarum
1531 3917 1706 3968 certe
1748 3905 2062 3991 quaedam.‘
2089 3907 2456 3974 Jablonskio
2493 3909 2609 3973 de·

453 4031 458 4036 ·
526 4006 707 4070 fuifl'e
730 4006 1071 4071 vide11.tur.-
1122 4005 1446 4083 Alterum,
1480 4005 1656 4090 quod
1685 4005 1872 4092 copia
1897 4007 2142 4096 linguae
2171 4031 2250 4074 ex
2276 4031 2414 4076 uno
2431 4009 2610 4076 fonte

390 4118 395 4126 ’
518 4097 836 4172 librorum
867 4111 955 4172 V.
984 4121 1052 4171 et
1081 4109 1171 4169 N.
1206 4105 1283 4170 T.
1326 4107 1588 4187 haustae,
1621 4107 1810 4172 nimis
1848 4111 2064 4176 tenuis
2101 4125 2170 4176 et
2207 4112 2440 4200 exigua
2477 4130 2611 4178 erat

526 4208 611 4272 ad
653 4222 851 4274 tantae
894 4207 1177 4274 materiae
1208 4205 1720 4293 perspicientiam
1748 4223 1816 4276 et
1841 4211 2361 4298 explicationem.
2448 4217 2608 4280 Ter-
