2850 4817
487 342 606 419 DE
643 342 860 403 ISIDE
898 342 1006 401 ET
1044 340 1395 402 OSIRIDE.
1438 362 1495 422 p.
1524 358 1662 419 371.
1689 342 1955 420 F—372.
1984 342 2051 401 A.
2197 363 2305 422 243

230 504 354 565 σιν·
405 506 455 567 ⁰2
493 504 554 567 δὲ
593 502 790 589 ἱέρακα
829 504 982 589 πυρὶ,
1022 503 1198 591 ταύτῃ
1237 527 1322 567 τοι
1339 506 1346 511 ’
1361 503 1459 567 καὶ
1494 511 1872 589 προσκυνοῦσι·
1916 506 2210 593 μαρτύριόν
2248 532 2311 570 τε

228 602 563 689 ὅπᾶγουσιν,
613 604 892 687 ἀπότομον
945 607 1127 668 αὐτῶν
1175 605 1308 669 εἶναι
1367 600 1637 689 λε’νγοιντέςΙ
1672 612 1777 691 πῦρ
1828 608 1926 669 καὶ
1981 606 2117 693 ὕδωρ
2166 613 2307 690 ἆμι-

226 704 362 791 γὲς.
421 714 606 771 ταῦτα
647 706 738 770 οὖν
781 706 1081 782 πενθοῦντες
1125 705 1431 793 Aiyddmol
1477 724 1639 790 φασι.
1728 709 2042 773 Postrema
2098 710 2307 775 mani-

229 808 398 873 festo
439 820 764 895 corrupta,
809 808 892 873 fic
937 807 1188 873 fortafi'e
1231 806 1631 873 emendanda
1662 809 1927 875 sunt—'2
1984 802 2313 897 ἐπάγουσιν,’

229 911 344 973 ἀπὸ
387 918 560 996 γονῶν
599 913 778 975 αὐτῶν
809 910 942 973 ἐἶναι
979 907 1237 995 λέγοντες
1274 935 1336 973 π.
1377 937 1439 974 κ.
1476 915 1530 974 ὖ.
1573 915 1679 994 ἂμ..
1716 918 1901 975 ταῦτα
1932 911 2021 977 οὖν
2046 913 2309 989 πείθοι’τες

225 1011 538 1097 Αἰγύπτιοί
575 1029 764 1097 φασιν·
809 1010 858 1075 i.
889 1033 950 1075 e.
989 1009 1382 1101 adfer-unique
1407 1010 1804 1095 testimonium,
1832 1014 2081 1078 dicentes
2109 1016 2307 1103 ignem

223 1126 282 1178 et
325 1138 554 1203 aquam
597 1114 678 1178 ab
725 1114 841 1201 ipſs>
884 1125 1016 1179 ortu
1061 1126 1120 1178 et
1162 1113 1389 1202 om‘gine
1432 1114 1543 1201 ff
1587 1116 1889 1179 emetraria
1930 1116 2057 1181 nec'
2081 1118 2309 1201 mf'fiseri

218 1217 380 1304 poffl
397 1242 424 1279 .-
466 1216 644 1305 idque
671 1215 815 1280 mihi
843 1216 1260 1305 persuadentes
1293 1216 1500 1280 dicunt
1520 1242 1540 1280 .·
1588 1214 1669 1281 de
1710 1216 1972 1307 usbon-es
2000 1232 2175 1285 certe
2204 1220 2305 1284 vix

227 1320 313 1383 est
355 1316 546 1405 quod
576 1316 945 1382 dubitetur·
993 1317 1074 1383 fic
1117 1317 1290 1383 enim
1328 1316 1489 1382 solet
1529 1316 1825 1383 AElianus
1867 1322 1927 1383 ν’.
1958 1344 2019 1385 c.
2068 1323 2153 1385 X.
2196 1340 2301 1404 14,

229 1442 336 1507 29.
387 1422 550 1485 XII.
587 1440 656 1507 3.
701 1420 895 1485 XIII.
938 1438 1046 1507 23.
1099 1421 1250 1487 XV.
1295 1422 1400 1486 16.
1448 1420 1669 1487 XVII.
1708 1440 1811 1505 14.
1885 1422 2125 1489 Cicero
2174 1426 2299 1511 Ep.

223 1524 376 1588 Div.
414 1525 532 1588 IX.
567 1538 672 1609 25.
702 1523 958 1612 mihique
979 1524 1314 1611 persicadet.

305 1642 480 1713 371.
517 1626 588 1693 F.
630 1625 902 1713 Ὀσίριδος
944 1626 1607 1713 ἄγαλμα-ἐξορθιάζον
1645 1623 1727 1714 τῷ
1769 1628 1979 1716 αἰδοίῳ]
2028 1631 2297 1697 Jablon-

227 1730 398 1795 ikius
429 1730 658 1795 Panth.
679 1730 839 1817 AEg.
867 1731 936 1793 P.
963 1731 1015 1793 Ι.
1039 1751 1106 1816 p.
1129 1730 1278 1796 288.
1309 1729 1463 1794 huic
1493 1730 1669 1817 figno
1698 1692 2149 1795 accommodat
2174 1736 2297 1799 nol·

227 1854 382 1897 men
426 1835 708 1917 Ἀρσαφὴς
754 1833 943 1919 supra
981 1831 1308 1918 proditum
1353 1852 1422 1917 p.
1450 1833 1601 1917 365.
1640 1834 1713 1896 F.
1759 1829 1952 1918 idque
1973 1832 2201 1919 fortem
2242 1847 2301 1898 et

225 1933 468 1997 virilem
519 1933 992 2020 interpretatur.
1080 1933 1186 1998 De
1228 1954 1296 1997 re
1339 1932 1515 1998 conf.
1560 1932 1758 1997 Diod.
1802 1934 1933 1997 Sic.
1980 1935 2035 1999 1.
2078 1935 2185 1998 88.
2230 1948 2300 2000 et

225 2032 708 2121 Wefl'elingim.

309 2157 382 2222 p.
412 2151 568 2222 372.
595 2137 684 2200 A.
715 2135 1028 2223 ἡγούμενοι]
1074 2138 1226 2203 Hoc
1257 2136 1324 2200 in
1351 2135 1603 2219 σημαίνει
1632 2147 1955 2201 mutatum
1983 2133 2297 2203 leniorem

223 2237 425 2305 habet
462 2236 797 2318 rationem,
831 2260 1024 2325 quam
1056 2238 1230 2325 quod
1261 2236 1689 2304 Marklandus
1716 2250 1783 2303 et
1812 2237 2103 2325 Squirius
2132 2258 2295 2301 con-

213 2340 567 2427 jiciebant=
614 2340 902 2427 ἀμπεχόνῃ
943 2342 998 2404 δὲ
1040 2344 1348 2426 φλογοειδεῖ
1385 2341 1826 2405 στέλλουσιν-.
1912 2338 2110 2427 Quod
2146 2361 2295 2404 vero

225 2452 502 2528 uterque
543 2440 610 2503 in
650 2462 806 2505 voce
849 2444 1018 2523 σῶμα
1060 2441 1428 2520 offenditur,
1475 2450 1543 2505 et
1583 2462 1709 2527 ego
1750 2436 2093 2525 aliquando
2136 2442 2295 2520 σῆμα

222 2544 572 2631 malebam,
601 2564 774 2608 nunc
803 2542 894 2607 nil
921 2556 1246 2608 mutatum
1273 2542 1495 2609 velim:
1530 2543 1611 2611 fic
1636 2543 1825 2629 supra
1848 2542 1999 2627 366.
2025 2542 2114 2605 A.
2140 2538 2293 2603 Ἴσι-

224 2647 304 2721 ὃος
331 2655 508 2729 σῶμα
527 2652 650 2732 γῆν·
685 2657 752 2710 et
777 2660 856 2731 37
861 2666 928 2731 3.
955 2647 1042 2710 A.

303 2767 462 2835 372.
494 2750 580 2815 A.
624 2748 698 2824 οἷς
725 2747 942 2835 φθείρει]
981 2748 1184 2813 Potest
1210 2747 1395 2813 ferri:
1450 2769 1569 2813 nec
1597 2759 1811 2813 tamen
1839 2746 2071 2811 melius
2095 2752 2293 2831 'quam

218 2850 274 2927 ὃς
299 2851 524 2939 φθείρει,
551 2849 726 2938 quod
755 2850 975 2915 voiunt
1003 2853 1185 2915 Mez.
1215 2850 1571 2929 BentleiuS,
1600 2851 1911 2936 SquiriuS.

223 2964 232 2971 “
300 2970 458 3039 372.
491 2954 722 3017 Α--Ε.
767 2955 823 3015 ἐν
865 2954 920 3015 δὲ
963 2956 1075 3027 τοῖς
1118 2955 1268 3039 ἱεροῖς
1311 2950 1893 3036 ὕμνοις-γενεθλίοις
1923 2951 2133 3041 Ὦςου]
2194 2954 2291 3018 Ut

208 3054 377 3141 justa
425 3068 497 3121 et
549 3055 982 3147 Grammatica
1029 3054 1274 3118 ratione
1327 3052 1655 3119 Plutarchi
1696 3052 2039 3119 diffionem
2083 3056 2286 3119 inter-

219 3172 574 3243 pretemur,
619 3170 792 3222 certe
840 3156 929 3221 ita
971 3155 1052 3219 de
1097 3156 1196 3219 his
1248 3155 1422 3221 libris
1477 3155 1782 3241 loquitur,
1824 3169 1900 3220 ut
1940 3156 2051 3243 qui
2098 3156 2287 3242 ipfius

221 3242 408 3324 ae'tate
457 3259 811 3344 superstites
853 3257 1132 3324 fuerint:
1180 3256 1324 3321 talis
1369 3258 1456 3321 est
1494 3257 1788 3321 Threnus
1823 3258 1888 3321 in
1934 3260 2285 3324 Saturnum

217 3384 282 3447 p.
309 3364 466 3447 363.
491 3362 584 3425 D.
671 3363 843 3425 Nam
887 3360 1001 3425 ubi
1039 3360 1309 3425 aliorum
1351 3358 1635 3446 sequitur
1670 3360 2141 3441 auctoritatem,
2182 3360 2285 3426 di-

216 3465 375 3529 serte
416 3484 560 3527 eam
603 3474 941 3542 memorat,
978 3460 1182 3536 ‚veluti
1221 3460 1305 3525 de
1345 3459 1527 3524 libris
1568 3461 1877 3525 Mercurii
1918 3483 1985 3549 p.
2012 3478 2165 3548 375.
2206 3464 2281 3527 F.

215 3564 302 3627 Et
339 3564 456 3629 sua
493 3586 750 3651 quoque
791 3576 980 3628 aetate
1021 3562 1328 3627 Carmina
1355 3560 1529 3626 Ifidis
1558 3584 1671 3647 per
1708 3560 1929 3625 decem
1960 3562 2135 3627 mille
2162 3584 2281 3628 an-

217 3688 332 3731 nos
367 3666 610 3731 servata
643 3667 724 3731 ab
765 3654 1099 3759 AEgyptiis
1137 3663 1464 3743 celebrari,
1510 3674 1723 3726 narrat
1768 3663 1949 3727 Plato
1986 3666 2147 3751 Leg.
2185 3663 2287 3729 II.

211 3782 364 3852 557.
401 3768 481 3833 C.
525 3770 714 3834 VIII.
745 3770 896 3855 631.
928 3769 1014 3831 G.
1105 3767 1180 3830 In
1221 3778 1511 3852 tempore
1547 3765 1848 3829 festorum
1886 3765 2046 3830 ratio
2080 3766 2279 3831 inter-

213 3869 591 3955 pretationis
630 3870 1022 3936 Plutarcheae
1061 3880 1345 3955 apparet.
1438 3868 1694 3931 Menses
1736 3867 1996 3953 triginta
2030 3866 2279 3931 dierum

213 3971 553 4059 usurpasse·
569 3972 922 4059 AEgyptios
964 3971 1229 4050 constat,
1271 3982 1338 4033 et
1378 3967 1793 4033 Plutarchum
1837 3967 2121 4033 secutum
2158 3968 2278 4031 effe

213 4074 610 4139 documento
639 4074 836 4139 etiam
871 4073 960 4147 est
989 4070 1174 4158 quod
1215 4076 1281 4156 τῇ
1303 4064 1575 4157 τριακάδι
1603 4077 1699 4133 τοῦ
1725 4070 1918 4150 Ἐπιφι
1902 4094 2128 4150 ιμηνος,
2157 4060 2279 4131 tri-

211 4175 453 4259 gesimo
479 4172 596 4239 die
637 4174 863 4239 menfis
905 4171 1164 4261 Epiphi,
1194 4172 1404 4237 natale
1448 4172 1669 4237 festum
1718 4169 2069 4235 Oculorum
2109 4165 2280 4233 Hori

1191 4293 1236 4338 R
1271 4292 1309 4341 2
