2850 4817
607 336 720 422 nn
760 336 978 397 1s11>1=2
1013 337 1122 397 m·
1159 338 1510 397 osnunn.
1552 310 1877 417 p.37‘8.13.
2158 324 2271 421 '25⁵

191 495 488 577 στιβάδων
537 495 871 563 stratorum
917 495 1218 563 foliorum
1263 496 1437 585 ἄγνου
1484 510 1713 563 notum
1766 498 1857 563 est
1906 495 2279 565 testimoniis

195 600 522 665 Veterum
549 622 590 665 a
616 600 896 665 Meurfio
922 599 1138 666 citatis
1181 601 1395 667 Grec.
1440 601 1669 667 Feriat.
1701 602 1825 665 ΙΙΙ.
1862 622 1932 688 p.
1968 602 2113 687 158.
2144 602 2275 691 seq.

193 702 358 765 Etat
397 701 538 766 haec
577 722 722 787 pars
757 700 1234 790 supplicationis
1263 724 1455 789 quam
1488 700 2053 769 animadvertimus
2078 703 2163 768 ad
2187 703 2274 769 li-

194 802 394 867 brum
423 804 530 867 De
555 802 889 889 Superstit.
920 824 988 889 p.
1015 804 1162 869 166.
1194 803 1282 869 A.
1353 804 1604 891 Ἀχαία,
1634 804 1883 869 Cereris
1909 826 2275 893 cognomen

197 902 480 968 traditur
516 903 602 969 ab
642 903 968 991 Hesychio
993 903 1239 990 Ἀχαία·
1283 904 1517 971 ὶπῖθετον
1556 906 1865 993 Δήμητρος,
1889 907 1999 970 ἀπὸ
2028 913 2125 971 τοῦ
2149 910 2271 997 περὶ

197 1008 295 1083 τὴν
350 1004 532 1093 Κόρην
585 1003 788 1091 ὄχους,
839 1004 964 1091 ὅπερ
1021 1011 1246 1071 ἐποιεῖτο
1301 1010 1651 1090 ἁναζητοῦσοι
1701 1008 1887 1087 αὐτήν·
1948 1009 2061 1075 ubi
2084 1076 2094 1086 ,
2114 1010 2273 1077 alios

199 1107 398 1173 etiam
429 1108 614 1173 testes
643 1108 907 1175 adhibet
928 1108 1283 1176 AlbertiuS.
1347 1112 1443 1176 At
1469 1110 1699 1199 μέγαρα
1730 1116 1933 1175 κινοῦσι
1955 1110 2276 1200 displicuit

203 1209 351 1273 viris
401 1209 628 1275 ἁοᾶἱε.
719 1210 952 1276 Prius
933 1234 1000 1276 m
1038 1213 1401 1299 μιγαλᾶρτια
1427 1227 1749 1279 mutatum
1783 1212 2037 1279 volebat
2062 1216 2273 1301 Span-

200 1310 460 1377 hemius
511 1311 598 1378 ad
648 1312 1030 1379 Callimachi
1075 1316 1324 1401 Hymn.
1370 1316 1437 1379 in
1484 1314 2005 1402 Cer.12.quod
2044 1316 2271 1381 festum

201 1414 266 1478 in
308 1415 488 1481 Delo
526 1415 808 1479 solemne
849 1427 918 1480 et
957 1439 1110 1481 cum
1151 1416 1669 1503 Thesmophoriis
1710 1418 2131 1507 conjun&um
2168 1420 2274 1485 fu·-

204 1515 308 1581 iffe
350 1515 672 1598 novimuS,
703 1530 773 1582 et
795 1517 986 1583 docet
1011 1520 1326 1584 Mem-sius
1353 1519 1511 1586 ibid.
1539 1542 1607 1607 p.
1635 1534 1807 1605 155.
1864 1520 1961 1585 At
1986 1520 2079 1585 nil
2106 1542 2273 1609 opus

206 1616 589 1695 mutatione.
675 1617 1002 1683 Dicuntur
1035 1620 1264 1705 μίγαρα
1302 1620 1384 1685 de
1423 1620 1667 1687 sacellis
1694 1634 1763 1687 et
1788 1621 1952 1687 fanis
1979 1622 2269 1687 Deorum

207 1742 264 1783 v.
307 1740 376 1785 c.
427 1719 775 1787 Plutarcho
819 1722 922 1787 De
967 1722 1296 1809 Super-stit.
1344 1744 1410 1809 p.
1454 1725 1600 1810 169.
1648 1726 1744 1787 E:
1798 1729 1846 1787 οἱ
1895 1722 2275 1804 δεισιδαίμονες

118 1809 129 1817 ’
209 1827 406 1899 -σοῖς
445 1832 556 1889 τῶν
589 1826 714 1889 θεῶν
747 1825 1070 1912 μεγάροιςῆ
1097 1826 1410 1914 ἀνακτόροις
1451 1826 1779 1914 προσιόντες.
1850 1826 2165 1893 Marcello
2202 1850 2271 1916 p.

210 1945 358 2012 309.
401 1929 490 1991 Fe
549 1926 725 2005 ἶκέτης
769 1930 1234 2014 προσεκυλινδεῖτο
1284 1932 1396 2003 τοῖς
1436 1927 1701 2014 μεγάροις
1742 1937 1851 1993 τῶν
1892 1930 2039 1993 θεῶν.
2113 1931 2271 1995 Por·

211 2029 442 2119 phyrio
484 2030 591 2094 De
634 2031 844 2095 Antro
885 2029 1182 2117 Nymph.
1227 2034 1291 2115 ξ.
1321 2031 1385 2095 6.
1429 2030 1659 2095 diserte
1698 2030 1783 2093 ad
1824 2051 1961 2095 rem
1998 2032 2273 2116 praesen·

211 2144 382 2196 tem:
427 2136 544 2206 τοῖς
581 2132 680 2214 μὲν
723 2130 1003 2214 ὀλυμπίοις
1045 2134 1174 2206 θεοῖς
1215 2130 1370 2207 ναούς
1411 2158 1473 2197 τε
1512 2134 1607 2195 καὶ
1638 2130 1723 2209 ’ἕδη
1753 2133 1849 2197 καὶ
1878 2134 2097 2213 βωμοῦς
2122 2132 2273 2219 ἱδρύ-

210 2256 396 2297 σαντο·
443 2232 676 2319 χθονίοις
705 2234 758 2296 δὲ
787 2233 882 2297 καὶ
911 2235 1110 2321 ἥρωσιν
1135 2231 1410 2320 ἐσχάρας·
1458 2230 1789 2317 ὑποχθονίοις
1826 2232 1883 2295 δὲ
1920 2232 2139 2321 βόθρους
2178 2236 2277 2299 nal

209 2332 456 2420 μέγαρα.
528 2334 856 2421 Hesychio
884 2334 1049 2401 Voc.
1079 2334 1357 2423 Μέγαρα.
1433 2331 1561 2399 Sed
1592 2334 1751 2397 κινεῖν
1778 2355 2015 2398 novum
2044 2346 2113 2399 et
2139 2334 2273 2401 sus-

210 2438 463 2523 pectum
507 2438 763 2503 accidit.
851 2440 936 2503 Et
963 2438 1090 2505 hoc
1119 2438 1312 2503 habet
1339 2460 1471 2524 quo
1496 2436 1558 2501 se
1589 2450 1859 2503 tueatur.
1873 2436 2087 2503 locum
2106 2440 2272 2505 'Por-

211 2539 419 2627 phyrii
457 2542 560 2604 De
601 2539 844 2604 Abstin.
890 2540 1006 2605 IV.
1038 2561 1104 2624 9.
1143 2560 1212 2625 p.
1237 2541 1388 2625 326.
1429 2539 1511 2603 de
1538 2538 1879 2625 accipitre:
1928 2538 2061 2603 εἶναι
2105 2554 2271 2626 λογι-

215 2640 458 2726 κῷτοιτον
481 2640 822 2705 ἁπολυθέντοι
846 2646 944 2703 τοῦ
981 2640 1264 2722 σώματος,
1301 2645 1481 2705 τελεῖν
1516 2667 1577 2704 τε
1616 2642 1965 2729 ἀγάλματα,
1996 2642 2093 2707 καὶ
2122 2644 2276 2718 ναοὺς

215 2747 384 2807 κινεῖν·
409 2757 676 2809 .vertam
715 2744 1036 2832 confictore
1054 2742 1300 2825 statuas
1339 2754 1397 2806 et
1432 2742 1651 2831 templa
1675 2752 1958 2809 tradam.
2046 2745 2275 2809 Enim-

157 2927 166 2932 .
215 2868 352 2913 vero
389 2848 684 2935 Toupius·
723 2848 788 2913 in
827 2846 1132 2934 Append.
1161 2846 1487 2928 Theocrit.
1520 2870 1587 2933 p.
1614 2865 1725 2932 45.
1754 2846 2139 2934 pronunciat
2164 2872 2275 2915 ve-

214 2970 344 3013 ram
371 2948 712 3027 leffionem
745 2948 867 3041 effe
895 2952 1076 3026 οἰκεῖν.
1107 2960 1177 3014 et
1203 2948 1270 3012 in
1298 2949 1426 3013 hoe
1458 2948 1837 3015 Plutarcheo
1865 2949 2011 3014 loco
2041 2953 2278 3014 οἰκοῦσιν

211 3049 558 3139 legendum
587 3050 727 3116 effe.
793 3034 971 3125 Αὐτὸς
1001 3050 1128 3133 ἔφα.
1188 3046 1531 3137 Equidem,
1564 3049 1721 3115 dum
1746 3049 2013 3115 meliora
2038 3047 2273 3114 docea-

215 3174 377 3233 mur,
422 3178 580 3217 κινειν
618 3149 926 3219 retineam
968 3175 1048 3217 eo
1087 3152 1290 3233 sensu,
1329 3152 1477 3217 sane
1515 3151 1857 3239 frequenti,
1896 3173 2025 3238 quo
2068 3164 2273 3233 notat,

216 3254 292 3319 ad
330 3278 470 3322 rem
515 3254 874 3319 faciendam
917 3254 1240 3334 accedere,
1275 3241 1546 3342 aggredi
1584 3275 1771 3348 ⁰.Pu⁵2
1801 3266 1878 3319 ut
1914 3252 2275 3319 notavimus

212 3376 450 3445 p.149.
477 3357 568 3422 D.
624 3359 908 3443 Tempus
938 3358 1058 3445 ‘tegi
1087 3356 1398 3436 Πλειάδας,
1422 3356 1493 3420 id
1519 3354 1703 3421 estad
1730 3354 2043 3420 Pleiadum
2064 3370 2277 3439 ortum,

215 3466 285 3550 ut
322 3458 736 3547 probabiliter
760 3457 992 3523 .vertit
1005 3457 1370 3545 Xylander·
1351 3508 1371 3543 :
1416 3479 1813 3545 quamquam
1856 3456 1995 3537 aliis
2041 3458 2275 3532 dicitur

211 3562 528 3627 Pleiadum
555 3561 804 3648 occasus,
835 3560 1029 3625 veluti
1056 3546 1330 3648 Virgilio
1359 3561 1603 3647 Georg.
1635 3559 1693 3623 I.
1726 3577 1871 3629 221.
1902 3561 2014 3627 ubi
2042 3563 2274 3629 consu-

211 3662 376 3729 latur
423 3650 740 3751 HeyniuS,
771 3675 838 3727 et
866 3662 1158 3727 Petavius
1193 3662 1490 3729 Doctrin.
1528 3663 1761 3747 Temp.
1787 3662 2056 3729 Austar.
2088 3666 2177 3730 ΙΙ.
2208 3688 2273 3753 9.

216 3766 536 3831 Caeterum
570 3764 639 3827 hi
667 3758 912 3829 menses
941 3762 1178 3851 Athyr,
1211 3762 1623 3851 Pyanepfion,
1651 3764 2023 3830 Damatrius
2042 3786 2275 3845 conve·

215 3868 400 3933 niunt
440 3866 718 3931 maxime
761 3888 912 3931 cum
959 3868 1392 3931 Romanorum
1437 3866 1827 3946 Novembre,
1870 3866 1963 3932 ita
2012 3867 2275 3954 quidem

211 3981 284 4033 ut
325 3968 528 4057 spatio
569 3967 743 4054 quod
779 3968 866 4032 est
905 3965 985 4031 ab
1025 3968 1189 4031 XXI
1233 3967 1530 4033 Octobris
1570 3966 1653 4031 ad
1691 3968 1855 4031 XXI
1894 3967 2278 4034 Novembris
2395 4008 2407 4019 -

215 4070 506 4137 censendi
532 4071 671 4135 fint.
727 4072 832 4135 De
863 4069 1216 4136 rationibus
1244 4092 1320 4135 ac
1349 4070 1721 4134 nominibus
1749 4092 1975 4135 eorum
2000 4068 2276 4155 diligen-

218 4183 309 4237 ter
335 4185 407 4237 et
431 4172 680 4237 erudite
707 4173 844 4259 post
871 4171 1030 4237 alios
1058 4170 1348 4257 exposuit
1377 4171 1677 4237 Corfinus
1706 4170 1862 4235 Fast.
1892 4168 2101 4235 Attio:
2123 4168 2277 4237 Vol.
2382 4210 2387 4217 -

218 4274 304 4339 ΙΙ.
334 4274 493 4341 Diff.
527 4276 714 4361 XIV.
1342 4306 1349 4313 ’
