2850 4817
566 316 687 374 434
848 295 929 354 n.
969 237 1068 353 w'.
1108 291 1502 388 AMMADV.
1544 290 1636 348 IN
1677 287 2146 348 PLUTARcm
2187 287 2346 348 Lm.

565 455 830 526 tar-chus
866 454 1105 542 Quaest.
1142 453 1357 518 Graec.
1386 473 1454 538 p.
1477 469 1631 536 300.
1661 448 1746 517 C.
1788 455 1902 514 τῶν
1927 447 2404 528 &bn-nom,
2435 452 2630 512 οὲΠο-

567 558 847 646 θαγορικοὶ
878 556 1135 642 λέγουσι,
1154 560 1269 630 τὰς
1296 557 1496 640 ψυχὰς
1521 557 1598 637 μὴ
1625 555 1790 617 ποιεῖν
1818 557 1984 618 σκιὰν
2010 552 2146 637 μηδὲ
2177 551 2633 638 σκαρδαμύττειν.

570 662 645 726 In
696 683 827 748 quo
866 659 1207 728 verborum
1250 655 1608 722 involucro
1623 678 1768 742 quae
1811 655 2010 740 lateat
2057 654 2394 732 sententia,
2444 668 2518 719 ut
2562 653 2638 718 de

566 763 874 850 plerisque
916 757 1493 848 Pythagoricorum
1531 757 1758 836 effatis,
1793 733 1977 822 dictu
2010 758 2098 824 est
2134 756 2417 822 difficile.
2509 758 2641 822 Aut

567 866 693 930 hoc
722 864 832 930 fibi
864 863 999 928 vult
1026 865 1091 926 τὸ
1118 866 1194 945 μὴ
1226 860 1694 952 σκαρδαμύττειν,
1724 860 1956 924 animas
1985 883 2101 938 nan
2131 859 2431 938 caecutire,
2457 884 2560 922 nec
2587 859 2648 922 in

566 966 1015 1052 consideratione
1038 964 1308 1028 turbari.-
1332 977 1448 1028 aut
1476 961 1881 1048 constantiam,
1913 974 1980 1026 et
2008 961 2508 1049 tranquillitatem
2533 962 2650 1050 fig.

568 1069 809 1134 nificat.
882 1065 991 1133 Sic
1022 1065 1354 1155 AEgyptiis
1398 1064 1852 1143 sacerdotibu8‚
1886 1086 2158 1150 quorum
2201 1063 2650 1129 instituta.mi-

570 1173 743 1238 rifice
773 1193 921 1237 cum
958 1168 1402 1257 Pythagoricis
1431 1166 1860 1247 consentiunt,
1885 1165 2056 1230 idem
2085 1165 2215 1230 fere
2239 1165 2417 1230 laudi
2439 1165 2551 1231 dat
2573 1191 2656 1234 ex

572 1274 996 1340 Chaeremone
1034 1271 1423 1360 Porphyrius
1451 1269 1534 1334 de
1563 1268 1926 1335 Abstinent.
1957 1271 2033 1334 L.
2071 1271 2190 1334 IV.
2223 1271 2287 1353 ξ.
2315 1271 2379 1334 6.
2413 1291 2478 1356 p.
2502 1291 2654 1395 311.

570 1375 763 1464 πορεία
790 1401 852 1438 τε
882 1379 999 1461 γὰρ
1030 1371 1292 1448 εὔτακτος
1322 1371 1404 1452 ἦν,
1438 1376 1534 1438 καὶ
1564 1373 1828 1456 βλέμμα
1836 1374 2176 1451 καθεστηκὸς
2195 1373 2629 1453 ἐπετηδεύετο,“
2587 1401 2658 1448 ως

572 1477 661 1542 ὅτε
688 1475 993 1562 βουληθεῖεν
1018 1479 1094 1558 μὴ
1124 1474 1593 1562 σκαρδαρὖττειν.
1657 1474 1990 1562 Iidemque
2019 1474 2350 1562 AEgyptii‚
2377 1477 2466 1540 ob
2488 1474 2657 1539 hanc

572 1576 1199 1665 praecipuecausam,
1231 1575 1476 1640 sacrum
1509 1575 1849 1640 coluerunt
1875 1575 2272 1660 accipitrem,
2305 1576 2488 1662 quod
2529 1576 2656 1641 fine

574 1677 976 1744 connivendo
1006 1677 1221 1742 Solem
1253 1675 1563 1755 intuetur,
1597 1691 1669 1740 ut
1698 1677 1893 1746 refert
1923 1677 2165 1742 AElian.
2199 1677 2293 1740 H.
2320 1678 2409 1740 A.
2435 1677 2522 1740 X.
2551 1695 2659 1757 14.

574 1781 877 1850 Alterum
907 1777 1069 1844 illud
1094 1778 1373 1844 animam
1407 1783 1486 1862 μὴ
1524 1783 1690 1842 σκιὰν
1724 1783 1912 1858 ποιεῖν,
1954 1779 2036 1844 de
2073 1778 2278 1844 beatis
2308 1779 2448 1864 post
2477 1801 2658 1862 mor-

577 1897 713 1949 tem
758 1883 1107 1948 statuerunt
1142 1881 1337 1946 etiam
1382 1881 1707 1946 Persarum
1747 1879 1954 1969 Magi,
1985 1894 2064 1946 ut
2088 1903 2168 1944 ex
2193 1879 2652 1968 Theopompo¹

577 1987 842 2065 constat,
894 1983 1078 2072 cujus
1120 1985 1309 2049 verba
1358 1979 1578 2048 laudat
1629 1983 2020 2052 Plutarchus,
2057 1983 2202 2048 Ifid.
2255 1997 2332 2057 et.
2375 1984 2534 2050 Ofir.
2588 2005 2656 2070 p.

576 2105 727 2176 370.
754 2089 831 2153 Β.
898 2086 1119 2174 Hujus
1148 2085 1312 2151 ratio
1342 2085 1590 2150 facilius
1609 2098 1816 2173 patet.
1883 2085 2125 2151 Anima
2151 2086 2349 2166 enim,
2374 2087 2494 2152 five
2516 2085 2664 2152 fim-

576 2193 721 2279 plex
748 2192 859 2270 est,
897 2202 977 2255 ut
1012 2187 1321 2276 plerisque
1350 2188 1617 2274 placuit,
1644 2189 1784 2269 five,
1811 2202 1886 2252 ut
1915 2189 2328 2254 Democritus
2359 2203 2430 2254 et
2459 2189 2666 2278 Stoici

582 2289 825 2371 volunt,
866 2289 1077 2377 igneae
1118 2289 1428 2368 materiae,
1459 2291 1753 2356 umbram
1791 2289 2000 2354 facere
2029 2312 2160 2355 non
2189 2293 2416 2376 potest,
2449 2292 2515 2356 τὸ
2543 2295 2666 2377 γὰρ

582 2402 693 2479 φῶς
736 2398 795 2458 οὐ
836 2397 979 2456 ποιεῖ
1008 2397 1199 2472 σκιὰν,
1238 2405 1315 2456 ut
1350 2393 1442 2458 ait
1483 2391 1806 2458 Plutarch.
1845 2393 1950 2458 De
1982 2393 2168 2483 Facie
2197 2395 2366 2458 Lun.
2406 2417 2476 2481 p.
2507 2415 2664 2480 932.

583 2497 675 2562 D.
764 2483 982 2584 Quod,
1026 2518 1177 2580 cum
1222 2493 1874 2583 corporisproprium
1919 2496 2015 2575 fit,
2059 2495 2274 2562 anima
2309 2519 2351 2561 a
2387 2499 2666 2587 corpor'e

582 2599 915 2686 segregata¹
954 2589 1087 2721 pati
1134 2620 1462 2683 nunquam
1507 2597 1783 2684 poterit.
1831 2598 2071 2663 etenim
2100 2600 2321 2684 ψυχαῖς
2349 2604 2534 2684 γοερὰν
2565 2604 2666 2662 οὔ·

582 2698 713 2763 clav
738 2699 1266 2793 κεκτημέναις-τοὶ
1304 2698 1549 2780 σώματα
1587 2703 1813 2778 ἐξῆπται
1837 2705 2009 2774 σκιᾶς
2040 2699 2341 2783 ἐφεπόμενοι
2367 2698 2539 2778 δίκήν·
2587 2712 2668 2765 ut

582 2801 671 2866 est
712 2780 1095 2890 ap.Ei1seb.
1145 2801 1217 2866 P.
1264 2802 1343 2865 E.
1392 2802 1471 2866 L.
1522 2801 1576 2866 1.
1623 2821 1784 2887 p-oe.
1828 2804 1908 2867 A.
1981 2801 2434 2897 Vid.qu0q1ie
2479 2802 2564 2868 de
2603 2791 2671 2868 la

586 2900 799 2967 Cerda
839 2901 918 2965 ad
966 2899 1202 2988 virgil.
1241 2901 1400 2966 AEn.
1446 2903 1566 2968 VI.
1613 2924 1681 2989 p.
1717 2905 1868 2968 660.
1960 2903 2394 2990 Multipli'cem
2439 2914 2665 2970 autem

583 3003 834 3070 umbrae
877 3003 1001 3070 vim
1046 3004 1168 3072 effe
1212 3005 1564 3092 Magorum
1611 3005 1862 3090 putavit
1904 2999 2278 3092 superstitio,
2322 3021 2395 3072 ut
2429 3021 2499 3072 et
2537 3008 2665 3072 ali-

584 3105 759 3172 unde
787 3107 1052 3186 constat,
1084 3120 1151 3172 et
1178 3129 1257 3172 ex
1288 3105 1560 3172 Proclo'
1543 3129 1608 3174 m
1643 3105 1801 3174 Plat.
1839 3110 2002 3194 Rep.
2045 3129 2112 3196 p.
2143 3128 2295 3194 431.
2383 3109 2514 3174 Sed
2539 3111 2667 3175 vivi

584 3208 625 3272 fi
666 3229 796 3272 uon
825 3207 1145 3293 amplius'
1117 3223 1413 3294 Jacerent
1438 3209 1758 3288 umbram,
1777 3208 2053 3292 divinam
2085 3231 2341 3296 poenam
2373 3210 2518 3290 effe,
2547 3233 2666 3276 ve-

584 3322 690 3374 tus
718 3308 939 3394 opinio
975 3309 1151 3396 vulgi
1187 3300 2448 3386 eratm.Vid.Schol.Ca11imach.ad
2471 3315 2566 3380 H.
2597 3314 2666 3380 in

584 3395 729 3476 Jov.
760 3409 846 3474 vs.
882 3431 983 3498 13
1014 3423 1081 3476 et
1109 3410 1200 3477 ibi
1230 3411 1374 3478 Cel.
1404 3412 1734 3478 Ernestum
1759 3425 1814 3476 ¹¹.

602 3515 821 3600 564.
856 3513 935 3580 C.
976 3516 1217 3580 Ἑαυτὸν
1251 3520 1333 3601 τῷ
1370 3515 1689 3602 λογίζεσθαι
1727 3517 2044 3602 συνήγαγε]
2094 3516 2262 3582 Satis
2287 3531 2421 3583 erat
2451 3517 2670 3589 dicere

586 3617 775 3684 ἑαυτὸν
806 3617 1116 3703 σύνῆγαγε,
1147 3631 1223 3683 ut
1246 3617 1442 3704 vulgo
1469 3616 1704 3683 dicitur
1721 3617 2106 3706 colligerefi,
2137 3643 2198 3683 v.
2231 3641 2291 3684 c.
2319 3619 2495 3707 apud
2526 3623 2669 3686 Pla·-

555 3731 725 3820 ¹ton.
769 3720 1051 3806 Protag.,
1074 3740 1140 3805 p.
1186 3737 1332 3786 200.
1380 3721 1468 3786 G.
1515 3719 1855 3819 σύγαγείρυν
1892 3721 2105 3786 ἑαυτὸν.
2178 3721 2422 3788 AElian.
2454 3725 2549 3788 H.
2581 3725 2666 3791 A.

650 3927 665 3963 ¹
688 3931 762 3979 Ex
784 3931 958 3980 codem
978 3930 1290 3992 Theopompi
1312 3929 1423 3978 loco
1443 3931 1578 3978 fimi·
1742 3941 1778 3964 ¹¹¹
1813 3932 2014 3980 Pausan.
2042 3949 2091 3996 p.
2115 3941 2228 3990 679.
2245 3989 2256 3996 ,
2280 3933 2358 3980 De
2377 3933 2524 3984 simili
2543 3934 2668 3988 diae

586 4011 647 4060 lis
674 3999 909 4059 sententia
934 4025 1013 4071 ap·
1046 4010 1191 4072 Diog.
1222 4010 1275 4056 L.
1297 4009 1510 4058 Prooem·
1533 4009 1576 4065 fi·
1673 4013 1984 4081 Theopompi
2019 4015 2172 4065 exstat
2200 4013 2450 4075 judicium
2467 4005 2669 4078 ‚Polyhii

588 4104 634 4144 9.
689 4094 979 4150 Connivere,
1008 4091 1085 4139 vel
1113 4092 1295 4140 niaare
1326 4093 1394 4140 est
1420 4092 1579 4140 imbe-
1675 4093 1813 4143 xv1.
1840 4105 1916 4143 11.

474 4219 480 4224 ,
580 4173 631 4220 ἰο
618 4172 686 4221 iill
690 4173 813 4220 tatis.
848 4171 917 4220 Pli
920 4187 971 4219 n.
994 4172 1083 4218 XI.
1108 4183 1185 4222 54.
1228 4172 1291 4220 Di
1270 4171 1577 4302 fferuntap'-
1742 4187 1766 4210 ¹¹
1789 4178 1982 4227 Odinus
2010 4179 2126 4230 Obs.
2160 4179 2302 4232 Misc.
2333 4180 2462 4227 Nov.
2486 4180 2604 4228 XII.
2625 4195 2668 4242 p.

932 4262 1030 4300 ete
1030 4250 1171 4318 καμδ
1142 4251 1266 4313 abae:
1522 4274 1559 4304 e.
1679 4269 1792 4311 439.
1979 4274 1983 4283 ·
