2850 4817
563 326 642 386 68
785 326 924 389 D.
965 324 1064 385 W.
1103 324 1500 442 ¹ANIMADV.
1542 323 1632 383 IN
1672 320 2143 383 PLUTARCHI
2186 320 2347 381 Lm.

643 500 792 573 297.
819 486 910 551 D.
938 485 1077 569 2012]
1126 485 1358 555 Strabo
1391 442 1585 557 VIII.
1624 505 1693 570 p.
1725 484 1879 579 584.
1906 484 1997 550 A.
2042 480 2239 546 XIII.
2269 501 2337 565 p.
2366 499 2521 566 901.
2532 478 2665 545 ..A

557 587 820 659 uberius
859 586 1194 657 Pausanias
1223 587 1312 651 X.
1347 605 1453 668 14.
1510 564 1877 672 Stephanus
1903 585 2070 671 Byz.
2099 582 2167 647 in
2192 581 2438 657 Τένεδος.
2498 582 2569 644 H
2574 602 2623 645 e

557 687 826 758 raclides
853 690 958 753 De
987 689 1206 757 Rebus
1238 686 1481 775 public.
1514 708 1584 773 p.
1610 700 1764 772 514.
1826 685 2059 757 Conon
2086 685 2349 749 Narrat.
2381 683 2660 749 xxix.

561 790 940 859 Scholiastes
990 790 1073 855 ad
1127 788 1314 855 Iliad.
1359 795 1442 853 A.
1483 790 1594 875 38.
1672 788 1902 855 Suidas
1948 786 2017 851 in
2062 786 2305 862 Τενέδιος
2346 784 2659 871 ἄνθρωπος.

559 891 904 957 Zenobius’
940 892 1234 958 Proverb.
1283 893 1405 957 VI.
1456 913 1523 977 9.
1576 902 1646 955 et
1683 888 1813 955 illis
1860 888 2161 955 omnibus
2206 888 2369 954 locis
2426 888 2657 955 Inter·-

557 1007 798 1081 pretes.
869 995 1186 1060 Meurfius
1213 1007 1283 1059 et
1312 996 1613 1060 Potterus
1649 991 1733 1057 ad
1760 991 2261 1081 Lycophronem
2298 1014 2366 1079 p.
2404 1010 2541 1077 234
2582 1002 2665 1055 et

559 1114 712 1178 240.
793 1096 1114 1161 Bachetus
1157 1094 1548 1162 Meziriacus
1585 1093 1669 1159 ad
1712 1093 1929 1160 Ovidii
1956 1093 2152 1181 Epist.
2183 1095 2345 1159 Her.
2374 1094 2456 1159 T.
2486 1093 2545 1157 Ι.
2576 1114 2656 1179 p.

561 1199 712 1288 238.
799 1197 1254 1285 Wefl'elingius
1281 1198 1365 1263 ad
1390 1196 1665 1265 Diodor.
1696 1194 1827 1261 Sic.
1857 1197 2027 1265 T.,I.
2056 1217 2122 1284 p.
2147 1196 2305 1283 398.

647 1317 798 1387 297.
841 1300 914 1365 F.
959 1300 1091 1387 κθ’.]
1155 1300 1432 1378 Πωλῆτης
1480 1299 1677 1365 etiam
1724 1296 2009 1364 Athenis
2053 1312 2191 1364 erat
2238 1298 2653 1385 magistratus

559 1402 822 1469 testibus
845 1402 948 1469 vel
964 1401 1468 1490 Lexicographis
1491 1400 2025 1489 Harpocratione,
2046 1399 2398 1488 Hesychio,
2416 1400 2647 1467 Suidu.

562 1505 891 1572 Caeterum
919 1509 1134 1593 ἀγορὰν
1161 1503 1579 1591 jungendum
1608 1525 1759 1569 cum
1786 1502 2121 1591 βαρβάροις,
2152 1502 2449 1567 Barbaris
2474 1518 2651 1592 prae-

561 1606 925 1694 buitfhmm‚
957 1618 1014 1670 et
1037 1606 1259 1671 civibus
1279 1604 1786 1695 permutationem.
1874 1604 2301 1693 Xenophonti
2334 1604 2649 1693 frequen-
2738 1688 2745 1695 .

447 1729 455 1737 ‘
559 1710 862 1775 tiffimum
899 1714 1120 1795 ’ἀγορὰν
1163 1707 1455 1794 παρέχειν,
1494 1708 1580 1773 est
1630 1720 1870 1785 venum,
1912 1708 2287 1774 vendendum
2329 1708 2651 1773 ementibus

549 1826 888 1903 proponere.
975 1813 1237 1889 Διάθεσις
1293 1812 1581 1891 venditio,
1638 1812 1757 1877 five
1810 1811 2252 1899 permutandis
2294 1812 2649 1893 mercibus,

560 1914 680 1983 five
707 1913 982 2002 pecunia
1008 1915 1142 1982 fiat.
1231 1916 1319 1979 Et
1359 1913 1512 2001 quia
1553 1936 1670 2001 per
1710 1912 2143 1983 venditionem
2182 1934 2442 2000 quoque
2470 1914 2646 2000 quafi

561 2017 764 2083 emtio
805 2018 878 2082 fit
893 2041 914 2096 3
960 2016 1042 2081 fic
1084 2028 1437 2103 utrumque
1474 2016 1636 2103 saepe
1666 2014 1795 2081 hoc
1822 2015 2084 2081 nomine
2112 2014 2393 2091 διαθέσεως
2418 2016 2643 2103 appel-

557 2118 752 2200 latur,
783 2118 982 2185 veluti
1008 2118 1182 2206 apud
1213 2118 1631 2188 Plutarchum
1665 2120 1835 2183 Gen.
1865 2120 2046 2185 Socr.
2079 2139 2147 2204 p.
2175 2119 2332 2204 583.
2358 2119 2453 2183 D.
2517 2118 2640 2183 Vi-

559 2232 772 2289 tarum
803 2240 868 2308 p.
897 2241 1008 2305 44.
1041 2223 1122 2285 E.
1181 2238 1288 2307 79.
1318 2222 1399 2285 E.
1456 2240 1564 2307 91.
1598 2221 1679 2283 E.
1721 2233 1876 2304 500.
1908 2222 1997 2287 A.
2044 2222 2195 2305 645.
2223 2222 2314 2286 D.
2362 2220 2513 2287 821.
2546 2220 2642 2285 Ι).

555 2324 761 2391 Dion.
794 2323 1022 2411 Chrys.
1053 2324 1173 2389 Or.
1203 2325 1495 2389 XXXII.
1527 2344 1595 2409 Ρ.
1617 2340 1771 2408 372.
1801 2324 1880 2388 Β.
1953 2322 2059 2389 Sic
2085 2322 2285 2391 etiam
2310 2321 2643 2387 διατίθεσθαι

561 2425 940 2495 Plutarchus
983 2424 1122 2490 Vit.
1165 2445 1234 2512 p.
1277 2426 1384 2491 82.
1413 2427 1501 2491 Α.
1522 2438 1699 2509 4·74.
1730 2426 1818 2492 A.
1868 2439 2056 2512 1035.
2086 2425 2170 2490 A.
2246 2424 2428 2489 Plato
2471 2427 2641 2513 Leg-

558 2529 754 2594 VIII.
783 2549 848 2615 p.
870 2529 1022 2612 651.
1052 2529 1132 2594 Β.
1165 2526 1274 2593 alii
1303 2527 1487 2593 citati
1514 2527 1936 2615 Weffelingio
1968 2527 2050 2593 ad
2088 2528 2363 2635 Diodor.
2397 2528 2529 2594 Sic.
2558 2530 2641 2594 T.

644 2753 714 2818 Ρ.
743 2726 906 2818 298.
945 2732 1033 2797 A.
1065 2730 1119 2795 λ’
1125 2734 1174 2817 .]
1226 2731 1605 2801 Acanthum
1648 2730 1968 2797 coloniam
2014 2730 2407 2805 Andriorum
2454 2746 2647 2801 vocat

558 2833 718 2899 item
745 2833 1166 2922 Thucydides
1197 2836 1316 2903 IV.
1349 2835 1455 2917 84.
1540 2834 1763 2899 Araeni
1793 2844 2013 2915 offlam,
2044 2858 2175 2901 non
2202 2835 2643 2903 alibimemo-

558 2948 790 3015 ratam,
820 2935 1108 3021 reperisse
1144 2934 1254 3001 fibi
1293 2935 1625 3001 videbatur
1660 2936 2008 3025 palmerius
2035 2937 2127 3028 ad.
2147 2937 2433 3024 Scylacis
2464 2934 2663 3004 Peri-'

560 3038 742 3127 plum
774 3059 839 3125 p.
869 3040 977 3123 63.
1017 3037 1176 3102 edit.
1208 3040 1495 3109 Gronov.
1526 3058 1593 3121 4,
1624 3061 1743 3126 pro
1760 3038 2037 3104 *Αλαιιτα
2065 3040 2159 3104 ita
2186 3039 2646 3127 corrigendum

559 3141 848 3207 censens.
935 3142 1189 3205 Locum
1239 3140 1415 3209 hunc
1475 3139 1798 3208 Plutarchi
1844 3142 1913 3207 in
1964 3141 2244 3207 Historia
2292 3140 2642 3205 Foederum

561 3244 840 3309 afflans
880 3242 1339 3330 Barbeyracius
1378 3265 1448 3330 p.
1485 3263 1632 3334 139,
1673 3265 1791 3331 pro
1823 3242 2158 3331 Ἐρυθραίοις
2200 3242 2435 3329 corrigi
2464 3242 2644 3307 vole·-

557 3347 673 3415 bat
704 3347 926 3433 ἰΕρετς
909 3343 1088 3424 ι,αίοις
1129 3344 1315 3432 cujus
1358 3344 1457 3409 vel
1490 3346 1933 3410 Grammatica
1972 3346 2136 3411 ratio
2162 3346 2441 3411 formam
2467 3346 2645 3431 ’·Εςε

557 3456 765 3536 τριεῢσι
818 3446 1213 3539 postulabat:
1269 3459 1577 3513 caeterum
1630 3471 1761 3513 non
1816 3448 2107 3537 cogitans
2164 3448 2247 3513 de
2298 3448 2645 3533 Erytbroeis

558 3548 860 3619 Ionibus.
881 3548 1078 3619 recte
1112 3547 1312 3636 igitur
1351 3561 1614 3613 notatus
1653 3550 2073 3638 Wefl'elingio
2114 3549 2193 3614 ad
2224 3548 2645 3615 Herodot.1.

563 3669 710 3733 142.
739 3649 1220 3718 etadDiodor.
1254 3649 1383 3717 Sic.
1416 3652 1496 3717 T.
1528 3651 1619 3715 II.
1651 3672 1719 3737 Ρ.
1747 3653 1903 3738 365.

647 3754 796 3842 298.
826 3754 905 3820 Β.
937 3752 1033 3816 λα’
1039 3754 1086 3838 .]
1136 3752 1381 3819 Eretria
1414 3765 1484 3819 et
1528 3752 1791 3820 Chalcis
1832 3753 1917 3819 ab
1952 3688 2447 3821 Atheniensibus
2484 3765 2645 3819 ante

559 3856 808 3923 bellum
851 3852 1204 3941 Trojanum
1255 3854 1533 3924 conditae
1578 3854 1971 3935 ferebantur,
2017 3870 2093 3923 ut
2142 3854 2361 3971 prodit
2406 3856 2646 3921 Strabo

559 3959 647 4025 X.
679 3979 742 4043 p.
766 3956 914 4041 685.
946 3957 1024 4022 Β.
1113 3955 1224 4027 Ad
1249 3955 1426 4021 hunc
1448 3954 2104 4080 Thesmophoriorum
2132 3954 2329 4023 ritum
2357 3955 2647 4043 pertinet

559 4057 736 4147 quod
777 4080 818 4123 a
860 4056 1059 4123 Suida
1107 4057 1379 4124 refertur
1425 4059 1671 4121 Χαλκιδι
1656 4056 1767 4125 mar
1815 4058 2059 4144 δίωγμα·
2115 4084 2199 4123 τοι
2184 4086 2227 4134 ις
2276 4052 2649 4146 θεσμοφορίοις

555 4160 814 4249 Ἀθῆνῃσί
851 4188 907 4225 τι
951 4159 1197 4242 νόμιμον,
1227 4164 1280 4223 ἐν
1307 4159 1533 4247 πολέμῳ
1560 4169 1835 4247 γυναικῶν
1861 4160 2169 4249 εὐξαμένῳν
2199 4161 2489 4248 διωχθῆναι
2519 4161 2617 4225 τοὺ
2618 4189 2649 4236 ς

557 4264 869 4347 πολεμίους·
919 4263 1015 4327 καὶ
1046 4260 1244 4343 συνέβη
1275 4280 1466 4349 φυγειν
1495 4265 1566 4337 εἷς
1596 4263 1886 4329 Χαλκίδα.
1960 4264 2249 4331 Breviter
2277 4263 2647 4355 Hesychius
