2850 4817
782 309 897 370 nn
936 317 1005 368 ιι
1046 309 1869 390 nurfl1co.p.3s⁶.n.
2033 405 2050 425 ,
2256 331 2370 392 279
2507 269 2520 284 ⁴

254 469 567 538 Αιιᾶοτε
588 468 912 557 scriptum
948 458 1157 551 fuiffe,
1198 470 1492 547 διελθὸντὸς
1527 476 1626 542 τοῦ
1661 472 1904 552 Θέωνος,
1946 473 2104 540 οἶσθα
2144 477 2260 560 γὰρ
2304 477 2366 554 δὴ

255 571 586 644 Θέωνα-.
676 573 899 637 Theom'
939 572 1093 638 huic
1140 573 1522 640 Plutarchus
1557 587 1635 644 ut
1673 573 1973 643 familiari
2011 587 2078 640 et
2109 575 2364 643 erudito

257 674 529 742 homini
572 675 941 763 frequenter
970 675 1039 740 in
1082 674 1259 742 libris
1295 675 1681 744 honorificas
1711 677 2122 766 colloquendi
2150 692 2364 766 partes

260 777 545 844 tribuitz
590 802 649 842 v.
672 800 733 842 c.
763 779 870 844 De
898 777 1148 866 Pythiae
1174 778 1506 845 Oraculis:
1538 779 1988 867 Symposiacis,
2021 767 2128 850 Ue
2151 781 2364 862 vultu

259 881 505 960 Lunae,
548 880 717 946 Adv.
762 879 1159 966 Epicurumz
1206 872 1417 969 ἑὲαῒρος
1461 883 1656 950 etiam
1701 883 2070 950 nominatur
2112 905 2177 971 p.
2212 886 2362 954 620.

258 985 335 1049 A
351 1009 370 1048 ε
402 983 561 1048 alibi
586 981 761 1048 nude
790 981 991 1048 Theon
1007 1009 1031 1047 .-
1058 981 1213 1051 alibi
1240 1005 1502 1071 quoque
1538 985 1981 1050 Grammaticus
2012 1006 2076 1074 p.
2101 988 2252 1054 626.
2279 991 2358 1054 E.

264 1087 425 1170 728.
484 1089 557 1150 F.
618 1084 821 1172 igitur
876 1097 1335 1172 argumentum
1392 1085 1730 1156 differendi
1783 1087 1916 1153 fere
1964 1089 2362 1156 Grammati-

263 1211 425 1255 cum
470 1189 533 1253 ei
574 1187 863 1253 defertur
900 1210 961 1266 y.
992 1211 1054 1253 c.
1090 1210 1159 1275 p.
1178 1191 1332 1276 396.
1364 1191 1443 1257 Β.
1491 1209 1644 1278 923.
1673 1194 1756 1270 E,
1785 1192 1860 1256 F.
1905 1212 2056 1283 931.
2081 1193 2162 1258 E.
2207 1213 2361 1282 940.

267 1291 361 1356 A.
453 1288 610 1378 Ejus
624 1289 766 1376 filii
810 1302 1251 1358 memorantur
1291 1313 1361 1380 p.
1394 1294 1546 1376 726.
1585 1295 1671 1360 A.
1719 1293 2102 1360 nominatim
2134 1295 2361 1384 caphi-
2449 1345 2468 1368 .

241 1397 362 1482 sus
382 1420 405 1459 .-
450 1392 519 1458 in
562 1385 1063 1480 Dialogo⁶Adv.
1108 1393 1373 1482 Epicur.
1418 1417 1485 1482 p.
1522 1414 1713 1478 1104.
1737 1385 1846 1462 Ἰ).
1868 1396 2120 1484 juvenis
2165 1401 2362 1466 adhuc

265 1497 535 1584 dicitur.
624 1496 833 1564 Thebis
881 1495 947 1560 in
994 1498 1279 1586 AEgypto
1330 1496 1654 1578 habitavit,
1707 1498 1749 1562 fi
1804 1498 1954 1566 sana
1997 1499 2084 1566 est
2139 1499 2360 1582 lefflo,

267 1616 337 1666 et
378 1601 464 1671 ad
506 1621 661 1664 eum
702 1597 985 1686 pertinet
1026 1599 1345 1687 Lampriae
1381 1600 1588 1666 sermo
1617 1621 1684 1686 p.
1709 1620 1862 1688 939.
1897 1599 2208 1676 (ἒς-ἄνευ
2234 1607 2360 1694 περὶ

267 1706 479 1786 Θήβας
519 1705 647 1790 παρ’
690 1705 817 1784 ὑμῖν
866 1704 965 1766 καὶ
1004 1703 1215 1784 Συῆνην
1232 1741 1343 1767 --.
1435 1702 1654 1769 Somris
1698 1702 1840 1792 ejus
1881 1707 2127 1772 mentio
2171 1707 2247 1773 fit
2290 1730 2361 1795 p.

267 1808 420 1870 610.
456 1804 539 1870 C.
536 1845 543 1852 ·
567 1804 633 1870 in
668 1803 1001 1870 Consolat
1030 1804 1114 1872 ad
1145 1807 1458 1870 Uxorem.
1547 1811 1552 1816 ’

349 1909 505 1994 386.
526 1908 618 1972 D.
647 1906 1093 1995 περιυβρισμένῃ·
1099 1909 1129 1995 ]
1164 1910 1334 1972 Sana
1358 1905 1611 1974 videtur
1635 1907 1878 1975 oratioz
1913 1904 2200 1976 attamen
2217 1933 2358 1992 me·
2359 1912 2384 1936 χ

267 2009 583 2086 meranda
607 2010 817 2090 exstat
831 2009 1127 2076 codicum
1157 2009 1538 2118 scriptorum
1563 2007 1856 2076 varietas.
1927 2012 2102 2079 Nam
2134 2010 2270 2076 Pol.
2293 2028 2360 2076 et

266 2115 535 2179 Jannot.
566 2111 820 2177 addunt
846 2113 981 2199 post
1008 2098 1367 2200 appositum
1397 2111 1806 2192 vocabulum,
1831 2115 2054 2191 ἂνηκοῦ,
2078 2139 2140 2178 α.
2171 2133 2359 2178 mon-

267 2212 455 2278 strose
483 2209 657 2294 sane,
688 2212 799 2280 sed
840 2229 908 2280 et
948 2216 1171 2280 Anon.
1208 2215 1289 2279 T.
1319 2215 1405 2280 ·V.
1445 2214 1524 2279 Β.
1567 2213 1726 2278 item
1769 2212 2171 2302 subjungunt
2213 2218 2359 2292 ἀκη-

268 2314 467 2380 κουῖα·
450 2363 467 2381 .
530 2329 602 2380 et
644 2315 849 2382 codex
892 2316 1079 2413 Paris.
1126 2317 1205 2381 Β.
1252 2315 1318 2380 in
1368 2315 1672 2404 margine
1705 2337 1824 2402 pro
1868 2314 2042 2382 varia
2077 2314 2357 2382 lectione

268 2413 468 2485 habet
508 2418 765 2497 ἀνηκόων·
812 2418 1281 2506 praeterea.hoc
1308 2417 1638 2487 scholion:
1687 2423 1716 2481 ὁ
1740 2421 1856 2505 γὰρ
1884 2417 2177 2482 Ἀπόλλων
2205 2424 2357 2496 κατὰ

266 2523 363 2599 τὴν
400 2527 513 2586 τῶν
550 2521 776 2599 rufinam
804 2520 1097 2599 ἇπλᾶτητα
1124 2524 1223 2600 τὴν
1260 2526 1456 2587 ἑαυτοῦ
1483 2519 1712 2605 ὕπαρξιν
1751 2518 2098 2605 ἴδρυσᾶμενος
2138 2520 2358 2596 εἰκότως

264 2631 370 2703 τὰς
394 2630 756 2704 διαλεκτικὰς
782 2632 1115 2712 συμπλοκὰς
1153 2635 1265 2694 τῶν
1301 2628 1488 2714 λέγων
1520 2635 1630 2696 τῶν
1665 2633 2013 2694 συναπτικῶν
2045 2627 2266 2715 χαίρειν
2292 2634 2360 2714 ἔᾷ

262 2734 337 2805 ὥς
376 2727 771 2818 χαμαιζήλους
798 2758 861 2795 τι
889 2733 986 2796 καὶ
1012 2730 1559 2817 συμππλιγμένσυς·
1607 2729 1787 2816 quod
1815 2729 2098 2816 pertinet
2123 2731 2207 2796 ad
2235 2753 2355 2800 an·-

267 2832 633 2897 tecedentia
656 2833 810 2918 386.
844 2832 963 2898 C.
1019 2833 1363 2898 Caeterum
1392 2831 1508 2898 illa
1549 2831 1816 2898 varietas
1853 2831 2147 2898 lectionis
2189 2832 2358 2898 forte

268 2935 580 3022 significet
626 2956 745 3022 pro
785 2934 1207 3026 περιυβρισμένῃ
1252 2934 1433 2999 fuifi‘e
1477 2933 1820 3020 aliquando
1863 2937 2086 3022 tissgacra
2071 2939 2168 2998 ικαὶ
2211 2938 2354 3011 ἀκη-

270 3038 453 3124 κουΐᾳ.

351 3141 509 3226 386.
541 3143 629 3206 D.
670 3139 850 3224 ἔφην]
869 3139 1312 3228 Legendum'
1282 3146 1401 3224 εφη,
1433 3152 1509 3205 ut
1538 3139 1737 3204 habet
1767 3137 1936 3204 eod.
1967 3139 2048 3204 B.
2127 3202 2134 3210 ,

347 3243 506 3328 386.
545 3243 637 3306 D.
680 3245 777 3307 τὸν
824 3245 878 3306 ἐν
924 3243 1097 3329 Δήλῳ
1138 3243 1324 3326 βωμὸν
1369 3241 1840 3327 διπλασιάσωσιν]
1898 3239 2180 3314 Uberius
2229 3240 2355 3307 hoc

266 3360 482 3410 narrat
513 3343 895 3410 Plutarchus
928 3346 1031 3411 De
1069 3344 1283 3410 Genio
1317 3345 1502 3410 Socr.
1543 3366 1612 3432 Ρ.
1643 3357 1796 3430 579.
1828 3345 1905 3408 B.
1953 3333 2238 3410 sumtum
2278 3367 2357 3412 ex

266 3445 703 3514 Eratosthenis
736 3447 1089 3528 Platonico,
1123 3447 1297 3512 unde
1326 3446 1548 3515 retulit
1574 3445 1801 3512 Theon
1827 3447 2134 3534 Smyrn.
2115 3470 2186 3514 in
2213 3450 2357 3532 Ma-

264 3551 473 3616 them.
506 3550 668 3615 Plat.
704 3572 769 3637 p.
810 3570 873 3618 2.
916 3549 998 3616 ad
1043 3571 1237 3637 quem
1272 3569 1339 3635 p.
1376 3567 1524 3635 192.
1571 3547 1732 3612 alios
1776 3549 1960 3616 testes
2003 3549 2162 3616 citat
2205 3544 2356 3617 Isin.

261 3651 649 3732 Bullialdus.
724 3650 1069 3718 Rationem
1099 3649 1379 3718 solvendi
1408 3649 1828 3719 problematis
1848 3650 2162 3738 explicuit
2191 3653 2353 3718 Era-

261 3755 593 3822 tosthenes
616 3755 686 3826 in
716 3753 999 3842 Epistola
1024 3753 1109 3818 ad
1140 3753 1580 3844 Ptolemaeum.
1597 3754 1844 3842 Regem
1876 3754 2115 3820 servata
2138 3753 2204 3819 in
2228 3755 2358 3820 Eu-

262 3857 427 3928 tocii
470 3855 959 3922 Commentario
1001 3857 1069 3921 in
1110 3855 1525 3936 Archimedis
1557 3858 1636 3924 L.
1680 3856 1772 3924 II.
1846 3857 1953 3923 De
1993 3855 2263 3942 sphaera
2289 3870 2360 3923 et

260 3958 587 4050 cylindro
622 3963 719 4047 (Ρ.
750 3979 859 4028 20.
898 3955 1057 4025 edit.
1087 3960 1230 4026 Bas.
1261 3971 1331 4026 et
1360 3983 1427 4048 p.
1460 3977 1606 4041 144.
1653 3957 1810 4026 edit.
1844 3959 2061 4030 noviss'.
2089 3956 2358 4039 Torelli,

263 4064 507 4134 Oxonii
549 4067 768 4152 1792.)
818 4063 935 4129 ubi
968 4061 1239 4130 aliorum
1286 4061 1716 4148 complurium
1761 4073 1830 4128 et
1875 4060 2154 4126 Platonis
2198 4059 2359 4129 ratio

262 4168 623 4259 apponitur
658 4187 723 4254 p.
756 4171 829 4253 ¹3
834 4186 901 4254 5.
2325 4216 2334 4222 .

351 4273 506 4360 386.
536 4273 626 4338 D.
670 4276 699 4335 ὅ
729 4272 839 4347 θεὸς
865 4269 1016 4351 αὔξει
1046 4272 1140 4336 καὶ
1169 4267 1460 4348 συνίστησι
1489 4271 1582 4347 τὴν
1612 4265 2100 4352 &amarantis-q
2151 4266 2355 4334 Perti·
2447 4343 2458 4350 ,

1120 4388 1382 4462 ,τι
