2850 4817
574 237 695 373 iffi
857 299 935 358 n.
978 297 1075 358 w.
1118 295 1515 358 ANIMADV.
1557 295 1650 356 m
1690 261 2157 360 numanam
2197 294 2360 354 Lm.

572 458 731 522 stare
757 479 979 524 meum
1008 479 1138 522 non
1166 457 1280 538 est,
1311 469 1381 522 at
1408 455 1786 522 sententiam
1828 469 2046 522 tamen
2082 453 2456 542 conjeciura
2487 451 2624 519 affe-

569 559 683 647 qui
712 559 955 624 licebit.
1044 557 1309 624 Clarum
1340 558 1512 623 enim
1543 559 1629 622 est
1657 557 1738 622 de
1769 557 2004 622 Colote
2031 555 2354 642 Epicureo
2378 555 2483 619 hic
2513 555 2622 620 ser·

570 681 833 726 monem
880 661 1022 740 effe,
1072 661 1185 748 qui
1234 683 1383 726 cum
1431 661 1762 748 plerosque
1807 659 2224 745 Philosophus
2267 672 2412 724 tum
2449 657 2619 722 etiam

572 763 901 828 Platonem
941 775 1011 827 et
1046 763 1498 828 Democritum
1537 761 1903 849 exagitavit,
1949 761 2125 848 quod
2169 773 2397 826 notum
2441 759 2526 824 est
2555 780 2620 822 ex
2701 755 2716 769 “

564 865 897 932 Plutarchi
924 865 1093 931 libro
1119 879 1346 933 contra
1382 866 1558 931 hunc
1586 865 1792 952 ipsum
1830 864 2134 944 Coloten,
2173 875 2239 928 et
2275 862 2498 942 altero,
2525 861 2617 949 qui

568 963 939 1034 insol-ibitur
965 967 1105 1032 Non
1109 968 1399 1055 suaviter
1422 967 1574 1055 poffe
1599 965 2066 1054 vivificandum
2093 965 2445 1054 Epicurum.
2493 951 2616 1028 De-

566 1069 716 1135 inde
740 1091 823 1134 ex
852 1069 1191 1134 Macrobio
1217 1070 1444 1135 Somn.
1477 1066 1765 1155 Scipion.
1795 1069 1874 1133 L.
1901 1068 1959 1131 1.
1985 1090 2048 1134 c.
2081 1086 2143 1134 2.
2175 1080 2240 1132 et
2266 1066 2466 1131 altero
2491 1066 2613 1131 loco

568 1171 797 1250 Procli,
824 1193 1015 1288 quem
1049 1172 1312 1237 exhibet
1342 1173 1570 1236 Morus
1611 1192 1680 1259 p.
1705 1171 1857 1258 387.
1886 1171 2154 1250 constat,
2191 1169 2466 1236 Coloten
2511 1167 2610 1252 (le-

564 1273 851 1362 gendum
895 1274 1070 1339 enim
1118 1274 1383 1338 Κολῶτου
1427 1294 1548 1361 pro
1598 1273 1858 1357 Κλῶτου)
1916 1271 2194 1338 Platonis
2235 1270 2507 1336 fabulam
2541 1270 2610 1334 de

570 1375 745 1440 Here
786 1375 1097 1440 Armenio
1134 1375 1546 1440 deridendam
1583 1373 1696 1442 fibi
1730 1373 2017 1439 sumfiffe.
2103 1375 2251 1441 Vox
2281 1371 2611 1457 καθηγεμόνος

565 1490 785 1542 autem
824 1477 905 1543 de
948 1477 1327 1544 Democrito
1370 1475 1746 1564 accipienda
1781 1476 1892 1557 est,
1924 1476 2060 1563 qui,
2091 1498 2240 1541 cum
2271 1477 2355 1540 ab
2382 1498 2457 1541 eo
2480 1473 2608 1562 Epi·

564 1601 781 1658 curua,
810 1579 1178 1667 quidquid
1162 1603 1227 1646 m
1272 1580 1530 1668 Phyfica
1568 1579 1787 1659 valuit,
1826 1578 2148 1658 desumfit,
2177 1577 2608 1663 Epicureorum

564 1681 859 1770 magister
888 1697 1151 1748 vocatus
1178 1684 1265 1748 est
1282 1706 1301 1761 3
1346 1697 1413 1746 et
1443 1681 1823 1750 Plutarchus
1851 1695 2078 1747 contra
2106 1679 2327 1746 Colot.
2361 1700 2426 1766 p.
2447 1699 2608 1743 1110.

565 1783 645 1848 E.
693 1805 887 1849 omne
916 1782 1187 1850 dubium
1224 1783 1397 1850 tollit
1426 1805 1577 1849 cum
1619 1783 1715 1849 ait
1734 1809 1753 1847 ε
1797 1784 1890 1848 τὸν
1915 1783 2458 1872 βόρβορον-ἑαυτοῦ
2485 1807 2608 1846 κατ-

564 1888 927 1952 ασκεδάννυσι
968 1887 1063 1952 καὶ
1100 1891 1197 1950 τοῦ
1236 1885 1601 1970 καθηγεμόνος
1635 1885 2040 1970 (Δημοκρίτου)
2075 1891 2104 1948 ὁ
2127 1885 2419 1963 Κολώτης.
2500 1885 2611 1948 Ita-

565 2011 715 2076 que,
748 2011 829 2054 ne
838 1986 1133 2080 reliquas
1162 1987 1427 2054 mendas
1458 2000 1734 2068 tentem,
1763 1989 2497 2076 corrigam—ypapante:-
2523 1987 2616 2051 ὅθεν

564 2093 904 2174 θαυμαστὸν,
934 2093 1255 2169 Κολώτην’
1234 2095 1427 2156 εκεῖνον
1451 2089 1760 2166 Πλάτωνος
1789 2091 2043 2178 ἔχθρόν”
2008 2117 2163 2172 οντα,
2204 2093 2301 2156 καὶ
2338 2099 2438 2155 τοῦ
2469 2093 2616 2154 ’m

566 2192 815 2277 κουρείων
852 2193 1069 2257 πάντων
1096 2195 1193 2256 καὶ
1220 2200 1414 2258 ἑαυτοῦ
1443 2192 1832 2281 καθηγεμόνος.
1835 2195 2138 2259 —mirum
2164 2195 2364 2284 itaque
2391 2193 2488 2279 est,
2517 2195 2619 2260 Co·

565 2293 715 2359 loten
738 2294 931 2374 illum,
961 2307 1019 2359 et
1048 2294 1323 2361 Platonis
1356 2306 1414 2360 et
1447 2297 1795 2376 Democriti,
1822 2296 1994 2361 totius
2001 2283 2445 2384 Epicureorum
2450 2299 2623 2384 fiflae

450 2445 459 2454 1
556 2397 777 2485 patris,
806 2397 1013 2481 hostem
1038 2399 1189 2462 hanc
1192 2397 1550 2486 sententiam
1575 2397 1650 2460 de
1684 2397 1976 2462 redivivis
2004 2397 2326 2463 convellere
2349 2395 2515 2462 volui
2553 2423 2619 2476 e,-

562 2509 622 2562 et
622 2500 765 2581 sive
792 2499 1103 2586 ignorasti,
1110 2501 1248 2582 five
1274 2500 1644 2588 ignorantem
1670 2523 1788 2566 non
1813 2495 2154 2586 quaestviffi’,
2187 2499 2458 2587 quomodo
2483 2521 2621 2562 mor-

565 2611 701 2662 tuus
729 2599 833 2686 qui
845 2599 937 2684 sit
965 2600 1305 2686 revivifiere
1329 2599 1496 2688 pfft
1506 2627 1534 2680 ‚⁰
1562 2623 1687 2666 cum
1715 2625 1844 2664 eum
1872 2601 2203 2666 Democriti
2227 2602 2300 2664 de
2325 2603 2426 2666 boc
2451 2625 2624 2687 argu-

450 2715 539 2793 91
560 2713 751 2764 mento
778 2701 921 2764 libri
932 2699 1131 2786 facile
1157 2702 1223 2764 in
1248 2701 1417 2766 viam
1447 2703 1722 2767 reducere
1739 2701 2338 2790 potugfflnt,—Talia
2363 2716 2482 2768 aut
2505 2725 2623 2768 non

564 2803 847 2868 multum
864 2802 1113 2874 ,diversa
1142 2803 1391 2870 videtur
1418 2804 1636 2870 dixiffe
1665 2804 1948 2870 proclus.
2016 2805 2188 2870 Nam
2215 2795 2470 2885 omneS,
2497 2805 2626 2892 opi·

564 2928 705 2988 nor,
735 2905 1058 2993 Epicurei,
1088 2919 1289 2971 totam
1320 2906 1403 2972 de
1435 2906 1725 2972 redivivis
1752 2903 2074 2972 historiam
2107 2907 2187 2973 ad
2217 2907 2418 2973 aniles
2447 2909 2621 2973 fabu-

562 3005 657 3072 laa
686 3008 1067 3088 referebant,
1092 3022 1159 3073 et
1190 3006 1413 3074 Celsus
1441 3009 1672 3075 diserte
1697 3007 1788 3072 ita
1816 3008 2252 3096 pronuntiavit
2280 3009 2460 3096 apud
2487 3009 2624 3076 ori-

454 3095 462 3116 ’
560 3131 716 3196 gen.
745 3110 825 3174 L.
857 3111 949 3173 II.
980 3131 1044 3196 p.
1072 3128 1227 3194 429.
1312 3111 1458 3197 Ego
1489 3132 1638 3174 vero
1673 3110 1782 3174 etfi
1819 3133 1950 3174 non
1980 3109 2387 3176 vehementer
2415 3110 2624 3176 laboro

564 3233 809 3276 veraene
846 3234 926 3278 an
956 3211 1121 3276 fistae
1148 3211 1266 3276 fint
1292 3210 1403 3288 ha»,
1428 3211 1941 3292 narratiunculae,
1971 3211 2392 3299 quaerendum
2421 3225 2622 3280 tamen

564 3311 834 3391 videtur,
884 3312 1053 3380 hanc
1102 3313 1183 3379 de
1226 3312 1586 3400 Thespefio,
1631 3314 1748 3380 five
1794 3313 2082 3381 fabulam
2125 3313 2244 3378 five
2291 3314 2624 3391 historiam,

562 3428 780 3480 utrum
822 3414 951 3503 ipse
994 3416 1247 3482 finxerit
1292 3415 1696 3498 PlutarchuS,
1723 3439 1806 3481 an
1835 3437 1956 3504 pro
1994 3437 2140 3482 vera
2166 3431 2502 3504 acceptam
2532 3440 2623 3482 re·

562 3516 801 3582 tulerit.
889 3520 983 3583 At
1026 3517 1082 3582 is
1126 3517 1389 3605 quidem
1443 3540 1558 3604 per
1607 3511 1821 3583 totum
1865 3519 2040 3583 hunc
2082 3519 2301 3583 locum
2357 3519 2624 3584 Platonis

560 3619 843 3707 fabulam
889 3618 971 3685 de
1014 3621 1191 3686 Here
1232 3620 1547 3686 Armenio
1589 3620 1900 3700 imitatur,
1930 3642 2126 3706 quem
2159 3620 2225 3684 in
2265 3642 2492 3709 pugna
2519 3621 2620 3685 five

559 3720 969 3788 interfec'tum
1004 3721 1410 3786 five·vu}nere
1450 3721 1834 3800 exanimem,
1866 3720 2080 3787 divino
2108 3721 2390 3803 confilio,
2420 3723 2620 3788 animo

559 3822 641 3888 ad
682 3823 943 3889 inferos.
968 3837 1223 3910 raptum
1273 3824 1454 3890 fuiffe
1498 3823 1750 3911 prodit3
1802 3838 1878 3890 ut
1919 3825 2334 3911 praemiorum
2377 3839 2448 3892 et
2489 3848 2616 3912 poe-

558 3947 789 3990 narum
820 3925 1014 4005 testie,
1042 3924 1341 3990 homines
1378 3927 1464 3990 ad
1492 3927 1797 3995 virtutem
1835 3927 2306 3994 adhortaretur.
2395 3929 2615 3995 Admi-

558 4025 724 4090 scuit
749 4024 981 4090 deinde
1012 4026 1347 4113 complura
1374 4051 1526 4092 cum
1555 4051 1632 4092 ex
1663 4027 1945 4115 ejusdem
1981 4029 2262 4095 Platonis
2289 4030 2520 4096 fabulis
2545 4027 2618 4094 de

558 4124 779 4192 inferis
830 4126 897 4192 in
954 4127 1203 4214 Gorgia
1248 4141 1313 4192 et
1368 4129 1716 4208 Phaedone,
1761 4143 1900 4197 tum
1949 4151 2031 4196 ex
2076 4129 2616 4220 Pythagoreorum

558 4225 848 4314 doctrina
874 4242 943 4293 et
976 4231 1308 4298 Poetarum
1341 4231 1691 4317 figmentis.
1781 4233 1983 4320 Ergo,
2023 4233 2063 4297 fi
2105 4253 2248 4298 vere
2286 4233 2432 4298 haec
2474 4228 2619 4297 vidit
