2850 4817
556 317 670 373 322
806 331 809 336 -
854 298 933 356 D.
962 256 1057 356 vr.
1087 294 1482 356 ANJMADV.
1524 295 1615 354 m
1655 291 2131 354 PLUTAROHI
2173 291 2327 352 Lm.

555 477 705 524 con.
752 456 1065 543 Hippocr.
1091 442 1191 524 V.
1234 457 1455 539 Νομαὶ,
1495 467 1563 520 et
1604 453 1954 520 Mettarius
1999 451 2212 518 Indic.
2257 448 2500 516 Aretaei
2534 449 2617 516 V.

556 559 869 644 Nineven..

641 683 711 749 p.
738 674 891 748 549.
920 661 1007 724 Α.
1046 662 1167 734 Τὰς
1193 659 1295 741 μὲν
1320 660 1440 746 γάρ
1463 659 1716 748 Ἀθήνησι
1748 663 1858 722 τῶν
1889 659 2099 742 ἐναγῶν
2127 656 2402 738 σωματων
2428 654 2619 743 ῥίψεις,

539 764 653 837 ,καὶ
696 771 891 849 νεκρῶν
931 759 1245 860 ἐξορισμοὺς
1286 763 1406 826 οὐδὲ
1446 759 1651 826 παέδων
1693 761 1884 824 παισὶν
1927 753 2048 824 ἰδεῖν
2093 762 2296 846 ὑπῆρξε
2334 765 2441 825 τῶν
2488 763 2618 821 ἀπο-

556 865 879 952 σφαγέντων
924 863 1160 952 ἐκείνων]
1214 864 1412 929 Βεᾶὶθ
1447 861 1605 927 vidit
1641 862 1945 944 Reisszius,
1975 883 2246 950 magnas
2275 860 2426 926 oriri
2462 859 2619 924 diffi-

558 967 852 1046 cultateS,
883 967 922 1029 fi
956 966 1097 1030 haec
1128 967 1209 1031 de
1236 965 1601 1030 lustratione
1631 962 2008 1030 Κυλωνείου*
1967 987 2140 1049 αγους
2160 961 2453 1078 ‘accipere
2479 963 2622 1026 veli-

557 1091 725 1134 mus.
814 1067 988 1133 Mihi
1031 1065 1375 1155 aliquando
1418 1067 1486 1132 in
1521 1078 1808 1132 mentem
1841 1065 2018 1131 venit
2049 1065 2176 1130 hac
2211 1063 2460 1130 ratione
2485 1064 2620 1128 loco

540 1169 787 1236 -lumen‘
804 1168 1178 1248 accendere,
1204 1182 1280 1233 ut
1309 1167 1462 1233 haec·
1481 1164 2186 1232 cum'antecedentibus
2209 1165 2617 1253 conjungam,

557 1283 627 1336 et
668 1271 751 1336 de
794 1269 1043 1358 Lycisci
1085 1269 1269 1334 sociis
1312 1269 1698 1357 intelligam,
1731 1291 1932 1356 eaque
1959 1269 2036 1333 fit
2062 1267 2417 1334 sententia:
2440 1267 2625 1352 Quid

538 1373 711 1436 aem'm
735 1373 947 1460 solatii
990 1373 1197 1446 attulit
1244 1371 1636 1436 Orchomeniis
1679 1372 1783 1460 qui
1825 1371 2032 1435 liberos
2075 1383 2132 1433 et
2169 1370 2384 1434 amicos
2416 1369 2624 1456 Lycisci

551 1475 881 1564 proditione
922 1476 1259 1562 amiserunt,
1293 1476 1452 1562 quod
1491 1473 1596 1538 ille
1639 1473 1810 1562 longo
1843 1473 1967 1562 post
2011 1485 2257 1558 tempore
2293 1469 2619 1536 contabuit.-

560 1576 703 1662 quin
738 1575 859 1662 ejus
894 1588 953 1640 et
973 1575 1261 1662 sociorum
1298 1575 1828 1640 exterminationem
1863 1570 2620 1657 cadavemm.Athem'sfa·

560 1675 720 1742 &am
760 1701 944 1764 neque
979 1689 1204 1766 nepotes
1238 1701 1433 1742 eorum
1463 1678 1566 1765 qui
1605 1677 1770 1764 oecffi
1789 1677 1946 1765 sunt
1980 1675 2285 1741 viderunt.
2375 1673 2620 1739 Scilicet

560 1777 924 1866 Lyciscum,
956 1791 1329 1866 perpetrata
1366 1778 1953 1845 Orchomeniorum
1995 1775 2388 1864 proditione,
2422 1775 2615 1840 Athe-

560 1901 679 1944 nas
712 1881 1068 1964 eonceffiffe
1095 1881 1396 1968 suspicor,
1428 1895 1499 1946 et
1523 1881 1663 1970 ejus
1691 1881 2133 1967 sociorumque
2163 1879 2414 1944 sceleris
2441 1877 2617 1965 hujus

460 2035 465 2044 .
554 1979 883 2061 cadavera,
912 1984 1045 2068 post
1072 1996 1349 2048 mortem
1379 2005 1632 2062 eorum,
1653 1981 1947 2048 criminis
1974 1980 2502 2068 contagionisque
2519 1981 2618 2045 de-

558 2083 859 2148 testandae
887 2085 1100 2164 eausa,
1125 2086 1207 2152 ab
1234 2084 1732 2151 Atheniensibus
1762 2096 1943 2149 extra
1973 2083 2129 2148 fines
2155 2083 2278 2148 effe
2306 2081 2613 2171 projecta:

560 2185 737 2272 quod
780 2185 1387 2267 Orchomeniorum,
1427 2187 1539 2274 qui
1583 2187 1702 2252 hac
1747 2186 2114 2274 proditione
2139 2186 2488 2273 perierunt,
2517 2207 2618 2271 po-

430 2335 437 2342 ·
560 2288 725 2368 steri,
754 2290 841 2354 ob
870 2288 997 2352 loci
1026 2289 1432 2355 intervallum
1461 2289 1673 2355 videre
1699 2311 1830 2354 non
1857 2300 2237 2375 potuerunt.
2325 2289 2490 2376 Quae
2519 2310 2617 2352 ex-

558 2391 819 2476 plicatio
823 2438 843 2470 ,
870 2406 949 2456 ut
985 2391 1053 2456 in
1090 2414 1159 2457 re
1196 2393 1464 2474 incerta,
1495 2391 1846 2484 probabilis
1890 2390 2054 2456 mihi
2095 2389 2371 2455 videtur.
2456 2392 2620 2455 Nam

560 2492 643 2556 de
676 2491 935 2580 Cylonii
964 2493 1212 2558 sceleris
1242 2494 1608 2559 lustratione
1635 2493 1741 2558 hic
1765 2492 2040 2581 cogitari
2067 2514 2200 2557 non
2229 2492 2456 2578 potest,
2479 2513 2618 2556 cum

558 2593 909 2658 interfeffis
954 2594 1245 2684 Cyloniis
1287 2596 1394 2662 01.
1426 2611 1536 2681 45.
1581 2618 1734 2660 mox
1764 2595 1872 2662 Ol.
1901 2597 2013 2677 46.
2055 2617 2268 2682 poenae
2291 2594 2380 2665 ,de
2409 2615 2616 2658 eorum

560 2697 1077 2764 interfeetoribus
1106 2701 1332 2764 sumtae
1362 2701 1512 2766 fint:
1548 2722 1760 2788 neque
1787 2700 1872 2765 de
1897 2699 2021 2764 alia
2047 2712 2359 2786 praeterea
2385 2721 2452 2764 re
2475 2719 2618 2763 con-

560 2799 700 2880 stat,
747 2821 941 2888 quam
986 2800 1365 2866 Plutarchus
1409 2801 1476 2867 in
1522 2815 1741 2870 mente
1783 2802 2086 2891 potuifl'et
2125 2801 2386 2867 habere.
2471 2801 2616 2866 Mo·

559 2922 693 2966 rem
732 2915 951 2968 autem
980 2902 1466 2970 Atheniensium
1507 2905 1906 2970 scelestorum
1938 2905 2250 2969 cadavera
2273 2915 2449 2968 extra
2474 2903 2618 2966 fines

558 3000 805 3068 Atticae
849 3001 1228 3092 projiciendi
1279 3004 1664 3070 illustrarunt
1704 3006 2092 3092 Interpretes
2133 3004 2218 3069 ad
2260 3003 2501 3069 AElian.
2541 3003 2616 3066 V.
2639 3003 2644 3013 '

561 3105 656 3170 Η.
703 3107 824 3174 IV.
866 3123 902 3190 7
914 3109 1143 3172 .-Pro
1179 3107 1433 3194 Ἀθήνῃσι
1475 3106 1645 3176 coll.
1687 3108 1943 3180 Schott.
1985 3106 2172 3172 Harl.
2217 3108 2297 3172 T.
2335 3109 2420 3173 V.
2455 3106 2532 3170 B.
2571 3108 2618 3168 ἐν

557 3207 689 3272 'Ao‘
662 3229 837 3294 nuno-a,
881 3227 1027 3295 quae
1077 3207 1297 3273 Ionica
1340 3209 1547 3274 forma
1588 3211 1698 3274 est.
1787 3210 1893 3276 Sic
1926 3209 2259 3276 Herodot.
2304 3211 2384 3273 L.
2425 3211 2514 3272 ΙΙ.
2555 3230 2616 3294 Ρ.

566 3327 711 3395 131.
754 3313 807 3372 ἐν
846 3310 1121 3396 Ἀθῆνησι.
1166 3322 1236 3374 et
1276 3330 1343 3396 p.
1388 3329 1534 3396 173.
1583 3311 1703 3375 IV.
1753 3332 1818 3398 p.
1855 3313 2010 3397 361.
2053 3313 2142 3377 V.
2185 3334 2254 3399 Ρ.
2289 3330 2442 3392 400,
2475 3329 2615 3392 401.

558 3411 681 3476 VI.
726 3430 794 3514 p.
836 3422 988 3497 453,
1031 3428 1184 3512 454,
1226 3413 1378 3495 476,
1421 3430 1574 3500 495.
1632 3413 1828 3480 VIII.
1874 3435 1942 3499 p.
1985 3415 2136 3498 656.
2197 3414 2319 3482 IX.
2363 3434 2430 3500 p.
2477 3415 2614 3499 692.

560 3531 925 3598 quanquam
954 3512 1128 3599 apud
1155 3511 1312 3578 alios
1346 3535 1602 3600 quoque
1639 3513 1973 3600 reperitur.
2061 3516 2238 3580 Nam
2263 3515 2617 3601 Harpocra-
2653 3543 2660 3548 ·

560 3611 698 3676 tion
731 3633 801 3698 Ρ.
835 3628 980 3697 171.
1069 3613 1391 3686 Demetrii
1433 3615 1671 3680 librum
1715 3615 1936 3683 laudat
1975 3618 2095 3701 περὶ
2138 3611 2246 3706 νῷν
2290 3619 2344 3680 ἐν
2378 3616 2617 3702 Ἀθῆνῃσι

560 3711 753 3796 νόμών.
845 3716 921 3778 In
979 3715 1247 3798 Arriam„
1284 3737 1386 3804 ap.
1442 3715 1628 3781 Stob.
1672 3738 1741 3803 p.
1776 3731 1929 3804 521.
1973 3717 2022 3782 l.
2066 3736 2175 3798 41.
2221 3740 2340 3806 pro
2377 3717 2618 3804 Ἀθῆνῃσι

561 3814 729 3881 Cod.
764 3815 900 3880 Par.
930 3816 1127 3882 habet
1156 3821 1209 3880 ἐν
1234 3817 1510 3904 Ἀθήνῃσι.
1577 3818 1770 3885 Adde
1817 3818 2045 3906 Cyrill.
2083 3824 2148 3884 c.
2173 3819 2307 3885 Jul.
2341 3822 2418 3884 L.
2448 3821 2532 3900 V,
2559 3837 2617 3904 p.

566 3919 711 4004 169.
752 3917 1001 3984 A.-‘r.
1038 3909 1243 3986 ΨΒ.
1290 3919 1462 3984 con.
1509 3920 1761 3986 Schott.
1801 3923 2019 4010 Marg.
2061 3907 2219 3988 Am.
2249 3943 2370 4010 pro
2401 3925 2618 4000 neu-2

450 4027 481 4086 1
497 4023 539 4104 7
558 4019 991 4105 ἀποσφαγέντων
1018 4020 1264 4088 habent
1291 4007 2022 4107 zmffifw-'o'mooepaatnwm
2112 4025 2266 4091 Hoc
2290 4023 2619 4112 repudian-

558 4118 743 4202 dum,
772 4135 842 4186 at
869 4123 1031 4188 illud
1058 4121 1326 4204 omnino
1354 4125 1898 4212 ampleEtendum.
1991 4126 2255 4193 Ponitur
2295 4127 2472 4192 enim
2508 4129 2622 4190 ἔπι-

557 4222 660 4285 δεῖν
712 4223 957 4310 semper
1004 4225 1071 4288 in
1123 4225 1313 4292 rebus
1358 4227 1756 4314 gravioribus
1803 4242 1873 4294 et
1925 4231 2011 4293 ἐπὶ
2063 4235 2374 4316 συμφορᾶς,
2420 4242 2494 4294 ut
2539 4227 2623 4292 ait
