2850 4817
461 227 578 287 DE
618 226 946 290 vaU'r.
985 230 1459 313 MULIERUM.
1501 252 1559 315 p.
1592 234 1726 293 261.
1753 234 2033 297 D—262.
2058 235 2139 294 D.
2266 252 2335 313 17

247 390 352 467 τῆν,
397 387 698 466 βασιληΐην
745 396 841 453 τοῦ
886 387 1232 477 Ἀρκεσίλεω
1275 394 1301 453 ὃ
1343 388 1477 467 vro'c‘a'f
1514 391 1729 467 Βάττος
1764 393 1961 478 χωλός
1998 419 2063 459 τε
2098 392 2197 459 δῶν
2238 397 2337 459 καὶ

255 494 360 555 οὐκ
407 490 690 577 ἀρτίπους.
780 490 1185 577 Plutarchus,
1213 490 1282 557 in
1323 492 1557 583 quibus
1583 495 1668 563 ab
1694 494 1821 561 hoc
1849 494 2152 577 dissentit,
2180 496 2339 563 alios

253 590 564 665 ειυᾶοτεε
591 593 842 675 secutus
871 594 984 659 est.
1263 616 1281 638 ⁸

344 686 420 779 p.
473 695 626 762 261.
680 696 772 771 D.
831 694 1282 781 ἂκολφιτομινης]
1352 696 1818 765 Valckenarius
1871 697 1955 763 ad
2014 698 2333 770 Herodot.

254 794 429 861 v11.
453 814 604 864 221.
637 818 716 861 ex
741 795 1044 863 hocloco
1069 798 1465 883 ἇπολιπομὲνης
1492 800 1699 867 citans
1728 799 1905 889 quod
1931 799 2109 867 nulla
2135 800 2335 877 editio¹

251 894 488 975 habet,
530 896 785 976 fortaffe
833 898 1202 987 exemplum
1250 900 1551 989 fingulmi
1600 901 1725 969 hoc
1774 922 1983 966 errore
2031 901 2327 998 affe&um
2362 934 2377 947 =

256 994 558 1073 habuit.-

347 1100 501 1166 261.
535 1100 610 1174 E.
642 1097 754 1177 ’‘⁵''-
787 1102 1288 1195 ΞΕΝΟΚΡΙΤΗ]
1327 1102 1431 1167 De
1457 1100 1861 1169 Aristodemo
1886 1102 2331 1183 Cumanorum

253 1211 538 1287 tyranno
580 1201 862 1268 clafficus
891 1204 978 1267 est
1004 1203 1185 1288 locus
1214 1203 1503 1292 Dionyfii
1547 1204 2098 1273 Halicarnass'enfis
2126 1208 2214 1272 A.
2248 1208 2326 1279 R.

251 1304 347 1367 V.
379 1321 619 1384 4—12.
645 1303 826 1368 nulla
851 1306 1220 1371 Xenocritoe
1263 1307 1627 1373 mentione:
1676 1306 1803 1373 fuit
1829 1306 2025 1374 etiam
2054 1305 2329 1375 Diodori

257 1403 492 1485 Siculi,
522 1404 710 1493 cujus
735 1421 1106 1493 excerptum
1139 1407 1408 1493 superest
1436 1406 1519 1473 de
1541 1407 1909 1474 Virtutibus
1937 1420 2004 1473 et
2030 1406 2223 1475 vitiis
2245 1408 2324 1475 T.

253 1508 350 1571 II.
384 1528 452 1593 p.
480 1508 634 1592 546.
679 1514 898 1573 carens
941 1508 1097 1578 item
1141 1508 1334 1597 hujus
1369 1508 1653 1580 mulieris
1690 1509 2324 1576 commemoratione.

256 1608 690 1696 cognominis
707 1616 974 1693 μαλακοῦ
1004 1607 1112 1675 ille
1139 1608 1443 1675 diversam
1467 1634 1505 1677 a
1528 1610 1873 1679 Plutarcho
1897 1624 1967 1676 et
1996 1610 2323 1698 vulgarem

253 1711 456 1776 tradit
483 1709 781 1775 caussam.

343 1814 494 1895 261.
529 1814 598 1876 F.
627 1812 852 1898 κόμαις]
899 1813 1081 1887 Mez.
1109 1818 1304 1899 κομᾷν·
1335 1812 1537 1900 quod,
1562 1826 1637 1879 ut
1665 1836 1741 1879 ex
1770 1812 2140 1901 conjeaura
2165 1837 2321 1903 pro-

255 1914 526 1993 fcssum,
559 1934 680 1978 nec
724 1912 1182 2001 recipiendum,
1212 1936 1331 1980 nec
1363 1913 1761 1981 reticendum
1790 1912 1938 1980 fuit.

347 2017 464 2083 261
481 2062 496 2078 .
525 2017 600 2090 F.
626 2014 1036 2101 περιτρόχᾳλα]
1077 2015 1350 2080 tonsurae
1374 2036 1583 2103 genus
1606 2013 1733 2079 hoe
1759 2013 1893 2099 ipso
1915 2013 2176 2079 nomine
2199 2038 2319 2079 no-

258 2129 358 2190 tas.
396 2116 622 2185 Pollux
645 2116 738 2181 11.
771 2135 874 2203 29.
905 2130 982 2181 ut
1005 2116 1350 2207 legendum
1377 2116 1601 2182 docuit
1627 2114 1959 2181 Salmasius
1985 2118 2091 2181 De
2127 2115 2321 2181 Pallio

255 2245 324 2310 p
369 2224 515 2305 266.
603 2223 690 2301 Et
735 2220 1071 2309 Herodoto
1113 2220 1382 2293 restituit
1422 2218 1877 2313 Weffelingius
1929 2220 2065 2285 111.-
2098 2220 2161 2286 8.
2206 2219 2321 2285 ubi

251 2326 442 2412 plura
465 2337 539 2389 et
561 2323 694 2413 ipse
722 2337 790 2388 et
814 2322 1276 2393 Valckenarius
1299 2322 1647 2409 dederunt3
1678 2338 1745 2389 et
1760 2320 1899 2409 jam
1922 2335 2115 2392 antea
2137 2320 2317 2409 copi-

253 2426 358 2491 ose
393 2423 598 2491 Hadr.
640 2424 870 2491 Junius
913 2425 1016 2490 De
1057 2424 1265 2493 Coma
1305 2446 1374 2513 Ρ.
1419 2442 1573 2509 540.
1637 2422 2002 2490 Rotundam
2040 2424 2318 2491 tonsurae

255 2527 528 2592 formam
559 2526 758 2607 fuifl'e,
786 2525 931 2591 satis
963 2526 1285 2593 novimus·
1268 2574 1286 2605 ,
1335 2549 1465 2592 non
1493 2527 1671 2606 item,
1701 2549 1804 2614 qu
1788 2524 2061 2590 'usmodi
2089 2536 2325 2610 rotun<

254 2626 426 2695 dam.
515 2626 802 2713 Fortafl'e·
846 2626 971 2693 hoc
1026 2626 1153 2694 „fuit
1220 2625 1662 2692 Euboeenfium
1718 2627 2093 2713 negotiumz
2154 2647 2317 2713 quos

252 2731 604 2809 Homerus,
637 2727 861 2815 judice
910 2729 1122 2798 Dione
1168 2727 1395 2817 Chrys.
1440 2728 1553 2794 Or.
1600 2730 1693 2795 11.
1732 2750 1797 2816 p.
1840 2748 1945 2796 20.
1977 2730 2079 2793 D:
2128 2726 2318 2810 μόνους

251 2832 446 2911 αὐτοὺς
485 2840 594 2897 τῶν
633 2831 916 2911 Ἐλλῆνων
957 2832 1272 2917 περιέκειρεν
1313 2829 1623 2918 αἴσχιστα,
1667 2837 1843 2917 κομᾴν
1886 2830 2100 2895 ὄπισθεν
2137 2831 2315 2913 ἀφεὶς,

253 2932 434 3022 ὥσπερ
461 2939 509 3019 oi
539 2940 624 3003 νῦν
651 2934 773 3009 τοὺς
797 2936 996 3008 παῖδας
1021 2935 1144 3008 τοὺς
1171 2933 1439 3008 ἁπαλούς.

337 3038 484 3103 261.
515 3036 587 3101 F.
621 3036 715 3102 nal
758 3042 865 3099 τῶν
909 3035 1210 3113 ἀνακώλων
1245 3034 1619 3123 χιτωνίσκων]
1672 3033 2007 3099 Salmasius
2046 3030 2129 3095 ad
2155 3032 2315 3095 Ter·

255 3140 592 3208 tullianum
629 3140 732 3205 De
777 3138 974 3205 Pallio
1002 3160 1068 3226 p.
1102 3141 1249 3223 267.
1293 3160 1412 3225 pro
1446 3140 1545 3201 καὶ
1587 3136 1935 3227 legendum
1979 3131 2317 3209 contendit

123 3302 128 3314 ,
251 3246 422 3327 κριταὶ,
453 3254 529 3321 ut
549 3240 760 3307 sensus
789 3240 884 3321 fit,
906 3264 1122 3327 gerere
1141 3240 1442 3328 ephebicas
1466 3239 1812 3325 chlamydas
1818 3234 2015 3326 supra
2034 3232 2315 3300 anacolas

252 3342 538 3425 interulas
557 3368 576 3407 .·
621 3342 848 3429 in-quo
877 3340 1052 3407 haud
1081 3341 1268 3406 facile
1295 3342 1355 3405 ei
1395 3341 1707 3407 adsentiar
1723 3363 1743 3419 3
1790 3337 2311 3427 quandoquidem

256 3444 586 3510 Genitivus
610 3442 950 3512 commode
972 3442 1176 3531 accipi
1203 3444 1412 3531 potest
1428 3464 1550 3530 pro
1575 3440 1981 3519 Accusatin
2012 3440 2181 3527 quafi
2208 3437 2311 3502 di-

257 3546 426 3615 &um
452 3546 608 3611 effet
631 3548 731 3631 καὶ
758 3544 1120 3632 χιτωνίσκους
1146 3552 1254 3609 τῶν
1282 3544 1610 3622 ἀνακώλων,
1640 3556 1697 3606 et
1724 3540 2020 3605 tuniculas
2049 3566 2079 3603 e
2098 3564 2315 3629 genere

256 3648 537 3731 brevium.
615 3648 942 3733 Caeterum
971 3670 1048 3712 ex
1062 3647 1234 3713 locis
1261 3646 1686 3733 Scriptorum,
1717 3666 1881 3731 quos
1921 3642 2031 3707 ille
2068 3642 2313 3721 attulit,

254 3743 610 3839 colligimus
644 3750 938 3839 ,ἁνᾷκωλος
980 3750 1102 3814 effe
1143 3750 1370 3815 vestem
1409 3734 1510 3812 rel
1549 3746 1835 3811 tunicam
1880 3768 2024 3831 quae
2060 3744 2171 3809 ἄνω
2204 3756 2312 3811 τῶν

251 3850 432 3934 va
477 3853 590 3935 est,
639 3852 803 3917 citra
843 3862 1058 3939 'genua
1099 3850 1321 3915 definit
1365 3871 1487 3913 nec
1530 3872 1606 3913 ea
1648 3847 1834 3935 tegit.
1924 3846 2312 3909 Conferatur

253 3954 436 4039 etiam
467 3953 928 4041 Wefl'elingius
955 3952 1036 4017 ad
1061 3953 1336 4019 Diodor.
1365 3952 1497 4017 Sic.
1532 3952 1621 4015 ΙΙ.
1651 3968 1760 4037 54.
1789 3950 1866 4013 T.
1898 3951 1951 4013 I.
1991 3970 2054 4033 p.
2090 3950 2233 4031 167.

329 4080 386 4143 Ρ
420 4059 571 4125 262.
602 4058 690 4121 D.
721 4054 830 4137 κζ’.
877 4060 1179 4121 ΠΤΘΕΩ
1219 4055 1492 4170 ΓΥΝΗ].
1530 4054 1703 4119 Hinc
1746 4052 1944 4117 habet
1975 4048 2309 4135 Polyaenus

252 4160 430 4243 vm.
457 4178 570 4242 42.
611 4156 946 4243 mulierem
975 4158 1284 4232 Πυθόπολιν
1319 4156 1683 4275 nominans.
1773 4157 2020 4223 Partem
2052 4174 2195 4237 quae
2224 4148 2307 4213 ad

328 4282 499 4326 vos..
533 4281 678 4324 vn.
1253 4281 1294 4323 c
