2850 4817
470 336 587 396 nn
626 335 829 396 snm
869 336 1223 396 Numms
1264 315 2306 418 V1anc'm'p.553361

224 494 489 561 confilio
532 494 959 562 tribuebatur.
1053 496 1205 564 Vid.
1243 499 1363 562 Ez-
1410 496 1762 584 Spanhem.
1799 496 1884 564 ad
1921 495 2310 566 Callimach.

224 600 321 662 H.
360 599 512 663 Cer.
546 600 629 664 vs.
660 602 768 681 64.
796 611 868 664 et
897 601 1049 664 116.
1140 644 1147 653 -

312 718 353 785 5
356 713 472 786 53
500 701 589 764 D.
623 700 897 766 Marloun
908 707 1005 766 τοῦ
1032 700 1319 788 Ἀργείου]
1373 701 1684 771 Meminit
1718 699 2002 790 ejusdem
2033 699 2128 767 rei
2155 699 2308 766 Ari-

226 801 483 866 stoteles
525 801 609 868 de
654 802 909 868 Poe’tica
954 802 1119 900 Cap.
1162 803 1281 867 IX.
1322 825 1389 890 p.
1427 823 1529 868 11.
1569 804 1658 868 D.
1701 802 1877 868 unde
1920 801 2089 869 hanc
2125 800 2318 868 histo-

225 903 392 968 riam
430 904 731 971 desumfit
772 905 999 982 aqur
1039 905 1185 970 libri
1224 905 1307 970 de
1342 906 1632 972 Mirabil.
1665 904 2026 980 Auscultat.
2063 928 2132 992 p.
2161 908 2312 992 738.

229 1006 533 1072 Credidit
562 1021 781 1074 autem
810 1007 1232 1094 superstitiosa
1274 1010 1570 1089 vetustas,
1609 1021 1928 1088 mortuos,
1962 1009 2004 1072 fi
2042 1009 2125 1073 de
2160 1009 2316 1074 vivia

226 1108 577 1175 vindictam
636 1110 885 1176 sumere
930 1109 1188 1190 vellent,
1234 1109 1604 1176 columnam
1651 1109 1989 1197 sepulchro
2031 1109 2144 1176 suo
2163 1145 2168 1154 ·
2188 1109 2314 1176 im·-

226 1212 500 1297 pofitam
551 1211 617 1277 in
675 1235 787 1278 eos
842 1211 1159 1300 dejiceret
1218 1211 1405 1299 cujus
1457 1211 1782 1300 opinionis
1835 1211 1980 1278 Cel.
2031 1212 2314 1280 Reissziua

225 1303 577 1380 commode
642 1315 891 1384 notavit
960 1313 1374 1400 oexemplum
1452 1337 1532 1380 ex
1603 1315 1820 1380 Dione
1893 1315 2122 1403 Chrys.
2193 1317 2318 1382 Or..

224 1419 567 1484 XXXIII.
589 1440 657 1505 p.
680 1438 832 1505 340.
861 1418 943 1482 A.
1018 1417 1207 1484 Adde
1234 1415 1618 1484 Callimachi
1647 1418 1872 1506 Epigr.
1904 1418 2062 1484 VII.
2126 1418 2312 1483 Ano-

226 1541 507 1607 nymum
550 1542 657 1607 ap.
698 1519 970 1586 Suidam
995 1521 1081 1584 V.
1121 1520 1419 1605 Κυνῆγιον,
1451 1535 1518 1585 et
1543 1519 1624 1585 ad
1654 1519 1723 1584 b.
1755 1519 1802 1584 l.
1838 1518 1982 1584 cel.
2009 1520 2072 1584 J.
2102 1521 2314 1608 Toup.
2385 1603 2392 1610 .

226 1622 507 1688 Emend.
538 1622 604 1687 in
634 1622 817 1689 Suid.
846 1624 925 1686 T.
961 1624 1050 1686 II.
1081 1644 1148 1709 p.
1179 1642 1326 1708 119.

310 1743 468 1811 553.
496 1727 589 1796 D.
630 1725 945 1812 Ἀρίστωνα
984 1727 1077 1789 τὸν
1114 1729 1346 1792 Οἰταῖον
1372 1725 1871 1810 ξεναγαιγόν--τὸν
1898 1729 1994 1801 τῆς
2017 1725 2315 1811 Ἐριφύλης

225 1828 489 1914 κοσμῶ]
528 1827 725 1892 Initio
753 1827 917 1895 Belli
946 1827 1102 1892 sacri
1132 1827 1512 1913 PhocenseS,
1542 1826 1708 1891 duce
1739 1825 2118 1906 philomelo,
2149 1829 2312 1894 Del·-
2330 1833 2423 1912 47

226 1929 502 2015 phicum
554 1929 873 2017 templum
926 1941 1443 2016 occupaverunt:
1497 1941 1892 2015 occupatum
1949 1926 2312 2009 Philomeli,

224 2032 339 2118 qui
376 2031 445 2096 in
474 2053 695 2118 pugna
732 2055 883 2098 cum
910 2021 1237 2098 Thebanis
1276 2030 1618 2112 ceciderat',
1651 2030 1959 2096 succefl'or
1987 2030 2314 2116 depraeda-

226 2145 335 2197 tus
374 2134 465 2197 est
503 2134 978 2200 Onomarchus.
1069 2135 1145 2198 In
1174 2132 1303 2198 hoc
1330 2147 1462 2198 tem
1470 2133 1579 2220 plo
1607 2155 1757 2199 cum
1787 2131 2038 2198 infinita
2059 2147 2195 2200 erat
2223 2135 2313 2200 vis

224 2235 390 2315 auri,
430 2235 706 2322 argenti,
736 2247 807 2300 et
844 2234 1131 2322 pretjiosae
1173 2234 1377 2312 vestis,
1410 2257 1610 2322 quam
1648 2233 1800 2300 inde
1837 2235 1919 2310 ab
1960 2234 2314 2304 innumeris

224 2339 413 2404 annis
456 2353 525 2403 et
568 2336 782 2404 Graeci
825 2350 895 2403 et
942 2337 1205 2402 Barbari
1246 2337 1541 2426 Apollini
1587 2339 2138 2420 consecraverant,¹
2167 2352 2312 2406 tum

224 2440 572 2529 Eriphylae
612 2441 807 2506 etiam
852 2453 1233 2506 ornamenta
1278 2453 1347 2506 et
1386 2440 1653 2520 monile,
1691 2463 1840 2528 quae
1875 2424 1936 2505 ei
1976 2440 2310 2529 Polynices

222 2542 519 2622 donarat,
546 2555 623 2608 ut
648 2542 953 2608 maritum
979 2541 1450 2630 Amphiaraum
1471 2541 1832 2629 impelleret
1857 2541 1942 2606 ad
1959 2541 2310 2608 ineundam

108 2691 113 2698 -
219 2646 443 2710 secum
488 2658 713 2711 contra
754 2646 1097 2712 Thebanos
1137 2645 1383 2710 militiae
1424 2646 1818 2712 societatem.
1905 2646 2058 2710 Hoc
2091 2644 2312 2734 itaque

218 2748 467 2814 monile
509 2749 811 2837 Phayllus
857 2748 1259 2815 Onomarchi
1292 2747 1546 2836 collega
1585 2749 1872 2828 abstulit,
1903 2762 1972 2815 et
1998 2748 2310 2815 Aristonis

222 2852 434 2916 OEtaei
468 2853 671 2934 uxori,
699 2853 807 2917 cui
838 2853 906 2917 in
936 2852 1261 2917 amoribus
1288 2864 1447 2930 erat,
1481 2851 1656 2916 dono
1683 2851 1908 2939 deditax
1953 2874 2124 2938 quae,
2157 2873 2308 2918 cum
2406 2937 2414 2944 ,

220 2954 523 3021 muliebri
557 2955 817 3020 levitate
856 2955 969 3020 diu
1013 2956 1077 3021 se
1122 2954 1245 3020 hoc
1289 2971 1672 3020 ornamento
1698 2955 2013 3043 jaeaffet,
2046 2955 2309 3022 incensis

221 3057 473 3122 aedibus
525 3080 565 3122 a
612 3057 859 3123 minore
913 3057 1045 3122 filio
1088 3057 1303 3122 furore
1348 3071 1670 3144 correptO,
1716 3042 1978 3144 ig'nibus
2020 3058 2312 3122 absumta

218 3160 433 3246 periit.
523 3161 631 3226 Sic
668 3160 1045 3226 Parthenius
1084 3159 1325 3226 Erotic.
1372 3161 1538 3248 Cap.
1584 3162 1802 3225 XXV.
1846 3158 1960 3247 qui
1983 3158 2308 3226 historiam

218 3262 389 3328 hanc
420 3262 728 3350 peculiari
756 3262 967 3348 capite
996 3263 1145 3327 saxis
1172 3262 1307 3327 fuse
1336 3284 1415 3326 ex
1446 3262 1810 3349 Phylarcho
1835 3261 2056 3328 refert.
2126 3263 2308 3328 Con·-

222 3380 324 3428 tra
348 3363 679 3429 Diodorus
707 3363 961 3429 Siculus
987 3365 1068 3428 L.
1102 3365 1285 3429 XVI.
1316 3385 1382 3450 p.
1411 3383 1558 3448 132.
1590 3385 1781 3450 parva
1806 3363 2160 3430 diversitate
2184 3390 2202 3430 ι
2249 3371 2312 3436 αἱ

219 3468 277 3530 δὲ
307 3474 415 3531 τῶν
443 3461 813 3533 ἐν’Φωκεῦσιν
837 3465 1111 3558 ἡγεμόνων
1140 3469 1423 3552 γυναῖκες,
1455 3465 1792 3553 περιθέμεναι
1819 3468 1941 3542 τοὺς
1964 3474 2215 3556 χρυσοῦς
2236 3473 2309 3534 ,ἐκ

218 3574 455 3667 Δελφῶν
494 3570 712 3656 ὃςμοὺς,
749 3567 952 3642 οἰκείας
987 3574 1083 3645 τῆς
1122 3565 1387 3646 ἀσεβείας
1422 3567 1689 3653 τιμωρίας
1719 3566 1940 3655 ἔτυχον·
1989 3576 2020 3648 ἦ
2045 3571 2148 3654 μὲν
2189 3573 2309 3659 γὰρ

215 3673 311 3735 τὸν
346 3677 444 3748 τῆς
478 3669 705 3748 Ἑλένης
748 3669 1038 3757 φορέσασα
1080 3674 1153 3744 εἰς
1192 3672 1466 3752 ἔταιρικὴν
1503 3669 1775 3755 αἰσχύνην
1813 3672 2056 3750 ἐνέπεσε,
2103 3674 2200 3736 καὶ
2242 3675 2307 3736 τὸ

218 3771 434 3848 κάλλος
463 3772 741 3859 προέβαλε
783 3777 893 3848 τοῖς
932 3771 1221 3859 ἐνυβρίζειν
1247 3771 1707 3860 προαιρουμένοις·
1755 3780 1784 3852 ἦ
1816 3774 1872 3838 δὲ
1900 3775 1994 3839 τὸν
2023 3781 2118 3852 τῆς
2143 3778 2305 3860 'Epa-

219 3876 392 3959 φῦλης
442 3875 777 3961 περιθεμένη,
820 3881 917 3952 τῆς
959 3873 1135 3951 οἰκίας
1175 3877 1277 3940 ὑπὸ
1322 3882 1417 3940 τοῦ
1461 3874 1850 3962 πρεσβυτάτου
1891 3884 1998 3941 τῶν
2038 3883 2161 3942 υἱῶν
2205 3879 2305 3942 ὑπὸ

216 3979 422 4063 μανίας
450 3978 889 4067 ἔμπυρα-θείης,
914 3981 1065 4062 μετὰ
1098 3977 1301 4059 ταύτης
1330 3982 1485 4059 ζῶσα
1515 3979 1894 4067 κατεφλέχθη.
1983 3984 2067 4044 Οἱ
2087 3980 2190 4064 μὲν
2219 3979 2308 4045 οὗν

282 4147 309 4174 n
335 4143 486 4206 Mitys
508 4141 718 4206 Argivus
738 4107 938 4206 quada‘m
954 4143 1213 4192 nemosth.
1308 4141 1360 4190 P.
1396 4143 1456 4190 Ε.
1492 4142 1553 4192 V.
1587 4152 1702 4194 πει.
1729 4142 1796 4192 n.
1861 4141 1960 4190 nio
1992 4141 2112 4192 chr.
2141 4139 2305 4190 xxx.

220 4219 382 4268 Neaer.
405 4221 482 4267 ed.
506 4218 666 4268 Reisst.
690 4236 738 4282 p.
761 4227 905 4270 13⁵6.
1311 4231 1425 4273 840.
1447 4225 1509 4271 A.
1601 4233 1612 4238 ·

284 4297 307 4335 '⁰
336 4302 613 4382 Theaggnis
634 4303 827 4366 pugilis.
873 4300 1079 4352 OEnom·
1106 4300 1216 4352 Eut.

635 4477 661 4513 s
