2850 4817
578 425 652 485 26
851 424 929 483 D.
972 423 1069 481 W.
1111 420 1504 481 ANIMADV.
1544 420 1637 479 IN
1674 418 2142 479 PLUTARCHI
2181 418 2339 479 LIB.

656 584 803 651 266.
834 585 910 646 E.
939 579 1070 666 0022]
1117 579 1398 669 Quaestio
1432 579 1831 667 conjunctim
1874 578 2145 645 trastata
2178 600 2329 643 cum
2370 590 2637 645 antece·

571 683 768 749 dente
815 705 854 748 a
900 683 1228 761 Varrone3
1291 694 1368 746 ut
1414 694 1682 768 apparet
1724 703 1762 745 e
1810 678 2029 745 Servio
2071 679 2155 744 ad
2193 679 2429 766 virgil.
2469 682 2638 753 ⁴AEm.

573 787 696 851 III.
718 800 870 867 407.
904 795 974 847 et
999 781 1340 847 Macrobio
1370 783 1507 847 Sat.
1530 784 1585 846 Ι.
1610 782 1675 847 8.

661 888 807 953 266.
836 887 912 949 Ε.
942 883 1070 969 16.]
1126 886 1294 949 Item
1322 883 1669 971 conjun&a
1694 882 1973 971 Quaestio
2000 904 2152 947 cum
2183 882 2415 969 priore.
2477 883 2639 947 Ma-

572 988 698 1077 gis,
727 985 946 1066 credo,
975 1008 1014 1050 a
1044 985 1310 1065 GraeciS,
1340 1008 1535 1073 quam
1565 1008 1605 1067 a
1632 983 1935 1051 Romanis
1963 984 2167 1072 Κςόνον
2205 982 2640 1072 patrem'veri-

299 1164 316 1189 ⁸
421 1088 436 1105 “
574 1090 717 1154 tatis
745 1087 1060 1153 habitum.
1148 1088 1464 1154 Videatur
1509 1086 1885 1152 Plutarchus
1927 1089 2032 1152 De
2076 1086 2221 1151 Ifid.
2264 1098 2332 1151 et
2371 1086 2531 1151 Ofir.
2565 1106 2638 1171 p.

571 1193 724 1278 363.
753 1192 843 1255 D.
901 1188 1276 1254 Macrobius
1308 1191 1443 1255 Sat.
1479 1192 1531 1255 1.
1566 1190 1627 1253 8.
1676 1189 2005 1253 Cornutus
2030 1190 2185 1253 Nat.
2215 1186 2415 1253 Deor.
2447 1188 2541 1251 II.
2567 1210 2641 1273 p.

580 1308 726 1369 142.
789 1286 1160 1353 Heraclides
1211 1286 1503 1374 Allegor.
1545 1308 1612 1373 p.
1652 1288 1739 1367 46
1739 1306 1821 1370 53
1868 1285 1976 1349 alii
2019 1309 2162 1350 vere
2210 1283 2645 1371 pronunciant

574 1388 778 1477 Κρόνον
805 1388 925 1453 effe
953 1388 1196 1474 Χρόνονς
1241 1411 1392 1453 nam
1421 1386 1563 1453 haec
1592 1389 1799 1452 forma
1826 1387 2091 1453 invaluit
2120 1388 2354 1473 postea,
2383 1400 2646 1473 reperta

573 1490 758 1567 litera
785 1492 870 1555 X.
917 1490 1164 1556 Gellius
1193 1492 1350 1556 XII.
1385 1511 1457 1555 11
1485 1515 1501 1555 z
1548 1489 1729 1553 Alius
1756 1490 2003 1575 quidam
2026 1502 2287 1553 veterum
2306 1500 2643 1575 poetarum,

573 1590 742 1678 cujus:
780 1616 984 1657 nomen
1023 1592 1172 1655 mihi
1209 1615 1369 1655 nunc
1397 1592 1691 1656 memoriae
1733 1614 1847 1655 non
1890 1590 1989 1675 qst,
2043 1590 2382 1671 Veritatem,
2412 1604 2641 1679 tempo-

554 1694 656 1758 ·ris
677 1693 892 1781 filiam
918 1694 1024 1781 ff
1065 1694 1243 1774 dixit.
1332 1692 1668 1779 Sophoclis
1705 1692 1923 1757 locum
1961 1692 2050 1757 ibi
2091 1693 2359 1757 citatum
2403 1706 2473 1757 et
2512 1692 2647 1757 alia

577 1797 643 1861 in
687 1795 856 1861 hanc
899 1796 1276 1861 sententiam
1315 1795 1489 1860 dieta
1529 1797 1840 1862 Veterum
1884 1788 2175 1881 apposuit
2215 1796 2509 1859 Erasmus
2539 1797 2643 1860 A-

577 1897 728 1986 dae·
758 1919 823 1984 Ρ·
853 1915 1026 1985 925·

663 2000 810 2067 266.
842 2001 912 2064 F.
942 1998 1042 2085 affl.
1045 2001 1072 2086 J
1121 2002 1376 2065 Poterat
1403 1984 1570 2065 hanc
1600 1999 1794 2063 etiam
1827 1982 2138 2062 rationem
2168 1996 2436 2077 adferre,
2463 1998 2645 2084 quod

576 2100 862 2170 Honoris
909 2115 979 2167 et
1022 2103 1298 2169 Virtutis
1348 2102 1709 2189 conjunctae
1763 2100 2035 2165 solerent
2082 2100 2204 2165 effe
2256 2099 2447 2165 aedes.
2534 2101 2644 2165 De

575 2202 786 2289 capite
828 2202 895 2267 in
933 2203 1194 2269 alterius
1225 2204 1538 2274 honorem
1569 2200 2026 2316 adaperiundo,
2056 2201 2251 2265 modo
2279 2201 2527 2267 dicium
2554 2201 2641 2266 ad

579 2305 875 2371 Quaest.'

661 2426 728 2491 p.
761 2352 906 2488 267.
937 2406 1026 2467 A.
1057 2404 1170 2491 182]
1221 2406 1481 2471 Trafitat
1508 2407 1673 2471 hanc
1694 2407 2132 2495 Quaestionem
2155 2408 2220 2471 J.
2255 2405 2641 2479 Kirchman-

577 2528 698 2571 nus
741 2508 860 2571 De
889 2506 1268 2572 Funeribus
1287 2508 1477 2571 Rom.
1521 2508 1611 2572 II.
1664 2510 1765 2573 16.
1834 2512 1938 2575 De
1975 2507 2215 2574 diverso
2262 2510 2643 2573 Graecorum

576 2606 707 2671 ritu
748 2619 1054 2673 notarunt
1104 2608 1422 2687 Meurfius
1468 2608 1551 2674 ad
1595 2610 1921 2696 Lycophr.
1972 2612 2121 2697 976.
2211 2609 2507 2685 Kuhnius
2556 2608 2643 2673 ad

575 2706 818 2775 AElian.
848 2710 1001 2774 Var.
1039 2710 1200 2774 Hist.
1232 2712 1389 2775 VII.
1421 2712 1485 2777 8.
1512 2732 1578 2796 5.
1634 2712 2037 2799 Musgravius
2057 2712 2139 2776 ad
2170 2711 2461 2798 Euripid.
2496 2713 2641 2776 He·
2706 2721 2717 2726 “

577 2812 726 2875 cub.
761 2811 880 2896 837
909 2835 925 2874 ε
973 2824 1040 2875 et
1082 2834 1211 2877 non
1249 2810 1511 2898 quidem
1550 2802 2055 2900 diligentiflimus
2094 2814 2225 2894 ille,
2257 2837 2394 2880 xnec
2424 2827 2649 2887 tamen¹

575 2912 967 3001 abjiciendus
995 2912 1283 3000 scriptor,
1314 2916 1378 2980 J.
1408 2914 1666 2981 Nicolai
1706 2918 1809 2981 De
1838 2918 2217 2981 Graecorum
2257 2916 2469 2981 Luau
2498 2938 2641 3003 cap.

577 3017 663 3081 X.
721 3014 1162 3081 Divortiorum
1183 3016 1595 3085 vetustiffim'ae
1622 3017 1797 3104 apud
1828 3020 2149 3083 Romanos
2177 3018 2503 3083 memoriae
2526 3040 2640 3083 ex-

577 3116 793 3203 empla
821 3118 962 3182 haec
991 3116 1130 3181 aliis
1164 3133 1639 3200 memorantur:
1689 3142 1747 3183 v.
1780 3141 1839 3182 c.
1875 3119 1980 3207 Sp.
2018 3120 2304 3197 Carvilii,
2334 3118 2647 3205 Dionysio

580 3219 731 3283 Hal.
766 3219 858 3282 II.
890 3233 994 3304 25.
1027 3219 1241 3283 Gellio
1273 3220 1390 3283 IV.
1422 3239 1490 3305 3.
1560 3220 1937 3307 Plutarchus
1980 3222 2144 3287 infra
2173 3224 2415 3289 Quaest.
2444 3224 2541 3304 νθ’,
2571 3246 2641 3310 p.

579 3323 729 3404 278.
773 3323 850 3385 E.
905 3321 1183 3387 Romulo
1213 3344 1279 3408 p.
1308 3342 1418 3417 39.
1450 3325 1526 3387 B.
1576 3325 1799 3389 Numa
1827 3340 1931 3407 77.
1976 3324 2056 3389 C.
2102 3325 2233 3390 duo
2278 3326 2521 3413 reliqua
2554 3328 2641 3391 C.

581 3422 831 3509 Sulpicii
879 3422 1056 3487 Galli
1105 3436 1173 3487 et
1219 3424 1300 3487 P.
1343 3424 1677 3513 Sempronii
1729 3426 1908 3512 sophi
1948 3425 2241 3491 Valerius
2292 3430 2473 3493 Max.
2518 3432 2643 3495 VI.

573 3543 640 3609 3.
686 3544 788 3591 10.
827 3537 894 3589 et
926 3544 1028 3593 12.
1116 3529 1290 3613 &go
1327 3525 1441 3590 filii
1478 3528 1689 3615 capite
1730 3542 1913 3593 erant
1954 3543 2204 3615 operte,
2250 3533 2312 3593 δι’
2356 3530 2416 3607 ἢν
2458 3532 2645 3597 αἰτίαν

576 3627 888 3712 εἰρήκαμεν,
931 3626 976 3690 i.
1006 3649 1064 3692 e.
1084 3640 1370 3733 propter
1365 3653 1515 3693 ·eam
1551 3632 1805 3717 cauffizm
1835 3655 2013 3719 quam
2043 3633 2300 3695 diximus
2330 3634 2571 3721 Quaest.
2602 3634 2644 3701 ί.

579 3748 645 3815 p.
691 3729 836 3794 266.
876 3730 954 3792 Β.
991 3730 1118 3815 seq.
1165 3731 1326 3817 quod
1350 3705 1518 3793 locus
1536 3732 1826 3817 funebris
1870 3733 2008 3796 Diis
2050 3735 2182 3819 effic
2195 3735 2395 3820 sacer.
2471 3736 2647 3803 Hinc

465 3913 470 3921 ς
577 3827 690 3907 est,
703 3828 897 3914 quod
923 3829 1144 3893 ἐπὶτῶν
1185 3831 1372 3913 τάφων
1407 3832 1881 3920 περιστρέφονται,
1912 3856 2041 3899 non
2084 3836 2305 3899 sanum
2344 3836 2487 3913 effe,
2526 3859 2647 3902 nec

577 3927 659 3993 de
695 3928 1020 4013 decursione
1059 3929 1214 3993 circa
1243 3955 1475 4019 rogum,
1504 3956 1701 4018 quam
1742 3934 1963 4021 attigit
2008 3937 2480 4001 Kirchmannus
2516 3939 2642 4003 ΙΙΙ.

576 4048 644 4114 3.
689 4042 806 4093 aut
829 4028 954 4093 alia
981 4052 1047 4094 re
1075 4032 1280 4118 accipi
1323 4033 1518 4119 poffe,
1562 4032 1670 4097 sed
1700 4034 2045 4121 legendum
2085 4039 2169 4101 ἐπὶ
2206 4065 2265 4101 τ.
2296 4065 2356 4101 τ.
2385 4036 2645 4123 περιστέ-

573 4148 787 4213 φονται,
831 4127 899 4193 in
943 4130 1244 4217 sepulcris
1286 4146 1699 4213 coronantur,
1743 4134 1789 4197 ῖ.
1836 4158 1896 4200 e.
1941 4138 2093 4223 etse
2134 4137 2246 4225 ipst
2284 4150 2341 4201 ct
2360 4138 2648 4226 scpulcra

575 4247 874 4312 coronant,
901 4233 1013 4319 qui
1044 4233 1205 4298 ritus
1231 4255 1541 4321 perquam
1572 4238 1658 4300 est
1686 4236 2011 4324 cognitus,
2042 4262 2193 4303 nam
2220 4254 2287 4304 et
2313 4239 2423 4325 ipfi
2466 4263 2645 4306 mor-

580 4331 678 4436 tui
704 4335 1199 4415 coronabantur,
1230 4347 1298 4407 et
1326 4335 1390 4399 in
1419 4337 1630 4423 epulis
1660 4339 2033 4406 funebribus
2070 4341 2349 4406 convivae
2379 4364 2650 4407 coronas
