2850 4817
566 379 643 443 86
726 404 733 413 ·
845 377 921 436 D.
963 375 1060 434 W.
1102 373 1498 442 ANIMADv,
1540 373 1634 432 IN
1673 371 2142 432 PLUTARCHI
2183 373 2342 433 Lm.
2381 443 2398 458 Ἴ

502 597 515 618 .
563 536 797 615 cidiffe,
832 548 898 601 et
926 534 994 600 in
1022 533 1148 600 hoc
1176 543 1634 622 argumentum
1665 531 1880 598 Latini
1915 531 2202 618 quamvis
2233 530 2368 597 fiai
2397 531 2667 598 defide-

496 634 501 639 ’
561 661 705 704 rare
734 638 1011 704 videtur:
1045 636 1112 701 id
1144 657 1293 702 vero
1320 658 1440 700 nec
1470 635 1540 734 in
1570 634 1946 723 fragmentis
1975 657 2052 704 ex
2079 634 2405 722 Euripidis
2433 635 2670 700 Mele-

564 764 721 828 agro
769 762 887 805 nec
937 739 1112 819 alibi,
1163 738 1337 826 quod
1386 739 1604 825 sciam,
1659 737 2064 826 significatur.
2154 737 2403 825 Attigit
2445 735 2666 803 Valc-

562 840 865 906 kenarius
893 838 1172 906 Diatrib.
1204 837 1268 902 in
1300 838 1600 926 Euripid.
1636 838 1891 924 Fragm.
1925 838 2117 902 XIII.
2152 859 2218 922 Ρ.
2257 853 2400 923 137.

650 939 756 1020 κζ’.
786 959 937 1025 312.
967 940 1078 1024 E.]
1113 941 1215 1004 De
1242 938 1618 1004 Telamonis
1647 937 2016 1024 parentibus
2046 936 2484 1024 Apollodorus
2521 938 2659 1002 ΙΙΙ.

568 1061 671 1120 12,
694 1047 759 1109 6.
850 1041 1117 1128 Reliqua
1144 1039 1395 1105 historia
1418 1039 1775 1127 explicatur
1802 1039 1868 1104 in
1900 1038 2236 1104 Meziriaci
2265 1039 2660 1104 Comment.

563 1142 763 1230 Epist.
789 1142 977 1213 ovid.
1009 1143 1086 1208 T.
1126 1143 1175 1205 Ι.
1206 1161 1275 1227 Ρ.
1306 1143 1458 1223 246.
1530 1139 1840 1206 Latinum
1872 1139 2278 1219 Parallelum,
2307 1152 2382 1204 ut
2409 1138 2662 1226 priora,

564 1244 811 1310 fiGtum.

650 1345 757 1424 κη’.
800 1365 839 1430 3
852 1365 953 1414 12.
998 1345 1111 1431 C.]
1174 1348 1404 1411 Graeca
1447 1366 1551 1410 res
1592 1343 1914 1411 celebrata
1956 1343 2058 1410 vel
2107 1342 2320 1410 Ovidii
2365 1341 2660 1430 Epistola

562 1449 725 1514 Her.
760 1450 882 1513 XI.
974 1433 1261 1514 Canaces
1304 1447 1385 1513 ad
1431 1450 1840 1514 Macareum=
1887 1445 2184 1513 meminit
2195 1489 2212 1506 -.
2224 1459 2291 1512 et
2332 1445 2654 1534 Hyginus

563 1551 719 1616 Fab.
767 1549 1275 1616 CCXXXVIII.
1328 1565 1395 1615 et
1439 1549 1619 1615 citati
1662 1549 1899 1615 ibidem
1940 1571 1980 1614 a
2021 1549 2414 1614 Munckero.
2504 1549 2651 1613 Eo-

560 1651 712 1716 dem
751 1642 1011 1716 auc'tore
1044 1651 1341 1739 apposuit
1368 1675 1449 1717 ex
1471 1651 1600 1717 hoc
1630 1650 1937 1716 Parallelo
1981 1651 2276 1717 Stobaeus
2305 1650 2474 1716 Flor.
2506 1649 2650 1716 Tit.

563 1754 779 1819 LXII.
810 1773 878 1838 p.
906 1773 1059 1836 404.
1118 1752 1426 1818 Latinum
1455 1775 1608 1818 cum
1637 1764 1912 1840 utroque
1939 1751 2200 1818 aufiore
2225 1755 2300 1827 εἰς
2325 1751 2598 1839 κόρακας.

647 1853 751 1919 κθ’.
791 1874 945 1941 312.
989 1857 1107 1941 E.]·
1136 1855 1429 1944 Ἀρίστων
1473 1853 1902 1942 Ἀριστώνυμος·
1957 1853 2468 1923 sensumsaltem
2512 1853 2645 1920 ali-

562 1978 757 2045 quem
800 1957 1091 2037 haberet,
1131 1956 1171 2021 fi
1208 1956 1517 2044 scriptum
1560 1957 1713 2022 effet
1755 1979 1886 2022 non
1935 1955 2046 2022 nifi
2095 1956 2390 2023 alterum.
2483 1957 2644 2022 Sto-

562 2059 744 2136 baeus
770 2058 938 2124 hanc
966 2060 1263 2125 Graecam
1290 2058 1486 2147 hujus
1517 2058 1801 2124 Paralleli
1829 2058 2036 2123 citans
2063 2057 2230 2124 Flor.
2256 2057 2387 2123 Tit.
2419 2059 2645 2125 LXII.

562 2181 632 2248 p.
662 2180 815 2244 404.
854 2159 1055 2227 habet
1094 2148 1221 2226 fine
1259 2161 1524 2226 nomine
1561 2160 1821 2247 proprio
1854 2157 2116 2243 Ἐφέσιος
2142 2164 2224 2246 τῷ
2249 2158 2396 2245 γένει
2426 2161 2644 2238 νεανίας

561 2265 755 2339 -υἱὸς
778 2263 1501 2348 Anpooerpo'crov—-caetera
1528 2263 1722 2350 paulo
1753 2262 2222 2328 diverse—tum
2245 2263 2640 2348 Ὀνοσ-κελίαν,

562 2377 632 2430 et
656 2365 986 2430 au&orem
1014 2365 1080 2429 in
1110 2364 1401 2452 margine
1428 2363 1733 2448 Aristoclis
1755 2365 1895 2431 Lib.
1920 2385 1981 2434 2.
2025 2366 2495 2446 Pamdoxorum,
2523 2367 2639 2454 qui

562 2471 757 2554 seque,
786 2465 1099 2531 confictus
1138 2489 1213 2530 ac
1256 2467 1446 2552 supra
1483 2465 1704 2530 Parall.
1746 2464 1847 2532 κε’.
1886 2489 1951 2554 p.
1981 2487 2135 2553 311.
2167 2471 2239 2533 F.
2308 2467 2642 2554 Aristotelis

566 2565 887 2631 Paradoxa
928 2588 1007 2631 ex
1048 2567 1175 2632 hoc
1218 2588 1351 2630 uno
1394 2565 1544 2631 loco
1585 2567 1781 2632 refert
1824 2568 2147 2660 Fabricius
2187 2571 2265 2634 B.
2304 2571 2392 2634 G.
2427 2571 2520 2635 ΙΙ.
2565 2591 2636 2656 p.

566 2679 713 2753 195.
797 2666 1123 2731 Ὀνόσκελιν
1165 2688 1401 2732 nomen
1427 2667 1788 2761 posterioris
1821 2667 2029 2734 aetatis
2058 2691 2176 2756 pro
2193 2667 2502 2754 Ἔμπουσα
2533 2671 2639 2736 di-

562 2769 743 2834 &um
772 2766 1195 2856 intelligimus
1223 2793 1262 2834 e
1291 2769 1554 2836 Scholio
1581 2763 1907 2859 Aristoph.
1939 2771 2181 2837 Eccles.
2217 2773 2406 2854 1048.
2480 2827 2492 2840 .

645 2869 723 2937 λ’.
753 2891 906 2957 312.
937 2873 1044 2958 E.]
1098 2873 1460 2937 Romanum
1501 2871 1724 2938 saltem
1761 2873 2122 2958 exemplum
2161 2873 2435 2964 fabulari
2463 2875 2634 2940 fere·

558 2972 753 3040 batur
795 2971 1160 3053 traditione,
1180 2973 1368 3061 ‘quod
1402 2974 1848 3062 cognoscimus
1873 2997 1950 3040 ex
1977 2972 2160 3058 fimili
2187 2973 2358 3040 facto
2390 2977 2634 3042 Roma-

558 3066 786 3142 narum
816 3073 1216 3155 ancillarum,
1248 3075 1391 3142 aliis
1416 3076 1784 3142 nominibus
1816 3074 2154 3148 hominum
2180 3075 2405 3158 relato,
2425 3099 2464 3140 a
2487 3077 2642 3144 Plu-

560 3179 785 3245 tarcho
824 3179 887 3242 in
930 3178 1087 3246 Vita
1124 3177 1381 3244 Romuli
1422 3201 1489 3266 p.
1526 3181 1635 3265 36.
1674 3182 1752 3245 E.
1827 3177 2085 3244 Camilli
2122 3201 2189 3267 p.
2219 3194 2364 3264 145.
2398 3180 2470 3245 F.
2501 3179 2635 3269 seq.

554 3280 765 3363 μυθώδη
805 3281 1069 3367 fatente,
1112 3278 1389 3367 indeque
1433 3280 1659 3346 festum
1697 3273 2106 3352 Ancillamn'i
2137 3281 2348 3346 Nonis
2379 3281 2634 3369 Capro-

558 3381 733 3445 tinis·
792 3379 1096 3446 Indidem·
1116 3380 1389 3461 fortasse,
1420 3395 1500 3447 ut
1528 3382 1707 3462 solet,
1738 3381 2112 3446 Macrobius
2141 3383 2400 3446 Saturn.
2433 3384 2490 3447 Ι.
2527 3405 2632 3450 11.

554 3503 621 3568 Ρ.
666 3501 814 3568 239.
905 3484 983 3554 In
1024 3483 1255 3548 Graeco
1290 3483 1584 3548 Sardiani
1624 3483 1954 3562 dicuntur,
1992 3482 2104 3570 qui
2122 3496 2128 3499 ’
2149 3482 2405 3548 dicendi
2437 3496 2635 3552 ‚erant

483 3642 491 3649 .
554 3582 776 3669 lydia>
817 3607 1019 3672 reges.-
1062 3607 1101 3648 a
1138 3607 1413 3672 quorum
1459 3598 1650 3651 aetate
1682 3584 1772 3665 id,
1803 3585 1844 3648 fi
1876 3608 2184 3672 umquam
2221 3585 2370 3665 fuit,
2410 3585 2630 3649 minus

554 3683 858 3749 abhorret
884 3706 1077 3770 quam
1096 3709 1136 3750 a
1156 3687 1515 3773 posteriore,
1546 3709 1676 3775 quo
1705 3687 1993 3753 Sardiani
2021 3687 2134 3752 sub
2163 3687 2423 3779 regibus
2449 3688 2638 3752 Grae-

554 3785 647 3851 cis
688 3797 894 3852 erant.
954 3787 1347 3854 *Larcherus'
1368 3787 1450 3854 ad
1491 3788 1810 3854 Herodot.
1847 3789 1903 3853 1.
1941 3807 2042 3871 14.
2080 3789 2256 3856 hunc
2287 3789 2504 3854 locum
2534 3787 2632 3853 ci·

554 3897 726 3966 tam,
738 3885 813 3972 st
838 3909 1047 3950 verum
1075 3885 1173 3970 qli,
1204 3887 1441 3975 inquit,
1471 3890 1625 3976 quod
1655 3887 1754 3975 sse
1773 3888 2033 3976 scriptor
2060 3889 2348 3976 prodidit,
2383 3890 2484 3953 hoc
2500 3888 2635 3970 fa·

506 4023 514 4048 ι
552 3994 707 4052 Eum
750 3987 965 4076 rqferri
1010 3989 1181 4054 debet
1226 3992 1314 4054 ad
1354 3989 1566 4056 bellum
1607 3993 1767 4080 quod
1815 3993 2011 4079 &ges
2062 3986 2260 4058 conlra
2303 3992 2635 4077 Smymaeos

542 4089 737 4176 gfft.
822 4090 1144 4178 Ἐλευθερία
1183 4091 1409 4158 festum
1451 4093 1669 4181 potius
1711 4093 2059 4160 dicendum
2103 4107 2242 4160 erat
2282 4092 2630 4178 Ἐλευθέρια·

448 4197 454 4200 ’
552 4210 683 4277 quo
718 4192 980 4258 nomine
1018 4191 1242 4258 fimilia
1272 4206 1748 4260 memoranturz
1793 4197 1872 4262 ,νζ
1894 4217 1954 4260 c.
1987 4195 2062 4270 ‚in
2109 4194 2431 4261 Plutarchi
2470 4194 2634 4260 Ari-

552 4291 706 4356 stide
740 4313 805 4380 Ρ.
833 4314 987 4381 331.
1016 4296 1090 4361 F.
1154 4288 1482 4380 Heniochi
1523 4295 1672 4362 loco
1709 4295 1884 4386 apjud
1925 4297 2262 4364 Stobaeum
2293 4296 2464 4364 Flor.
2495 4295 2632 4363 Tit.
