2850 4817
602 379 684 457 ⁶4
905 376 984 438 n.
1025 378 1121 437 w.
1161 372 1555 438 ANlMAnv,
1595 376 1687 436 IN
1726 372 2195 438 PLUTAucm
2236 374 2394 437 Lm.

479 590 486 597 .
599 560 731 627 que
758 536 1093 605 Salmasius
1120 534 1205 605 ad
1228 524 1505 605 Anthol.
1538 536 1659 602 Gr.
1688 534 1756 601 in
1787 534 2042 603 Boschii
2070 535 2261 616 nostri
2286 534 2575 603 editione
2600 558 2673 624 p.

551 655 750 831 2⁷p.
783 724 930 831 295.
959 742 1048 808 Α.
1081 768 1138 815 ις
1135 740 1204 829 ’.]
1253 742 1358 807 De
1397 738 1565 807 Niso
1600 736 1725 807 alii.
1746 739 1987 805 diversa
2023 736 2325 805 tradunt.
2371 725 2671 827 Megarei

591 858 659 911 et
689 844 997 911 Onchesti
1023 843 1455 911 meminerunt
1484 841 1817 907 Pausanias
1847 843 1906 907 Ι.
1932 862 2044 930 39.
2101 843 2433 943 Scy-mnus
2458 842 2668 909 Chius

590 949 658 1013 in
715 946 1045 1035 Periegefi,
1085 966 1239 1033 504.
1289 966 1453 1033 quoa
1502 966 1654 1010 cum
1693 944 1823 1010 hoc
1862 945 2012 1010 loco
2055 943 2320 1011 adhibet
2362 936 2668 1033 Heynius

527 1096 538 1105 -
592 1050 675 1113 ad
705 1048 1089 1137 Apollodor.
1119 1050 1246 1113 III.
1282 1064 1382 1136 15.
1414 1068 1483 1135 Ρ.
1516 1047 1664 1135 883.
1752 1048 2093 1143 Megaram
2132 1059 2263 1115 non
2292 1047 2518 1133 postea
2546 1046 2667 1111 de·-

589 1172 772 1215 mum
801 1172 842 1215 a
866 1150 1299 1228 DorienfibuS,
1332 1147 1605 1236 depulfis
1632 1148 1727 1213 ab
1746 1148 2147 1214 Athenarum
2177 1147 2668 1234 oppugnatione

485 1312 498 1323 .
589 1251 788 1318 Codri
809 1252 1072 1333 virtute,
1096 1250 1426 1317 conditam
1450 1248 1661 1315 dicam
1690 1270 1840 1315 cum
1869 1240 2192 1314 Larchero
2221 1248 2304 1313 ad
2334 1248 2667 1327 Herodot.

585 1356 664 1420 Τ.
717 1355 875 1420 VII.
929 1376 998 1441 p.
1047 1367 1200 1439 415.
1247 1352 1355 1419 sed
1391 1351 1657 1418 dudum
1710 1363 1899 1417 antea
1940 1352 2292 1418 habitatam
2342 1350 2517 1417 idem
2567 1354 2669 1419 vir

586 1454 975 1521 doetiffimus
1016 1454 1207 1519 docet
1246 1468 1316 1542 Ρ.
1359 1467 1515 1539 451.
1602 1454 1689 1518 Et
1722 1452 2015 1551 proxima
2052 1451 2333 1541 Quaestio
2360 1450 2432 1536 ιζ’
2454 1452 2665 1521 docu—

582 1569 819 1746 ming}-
833 1556 942 1755 θΒῆ..
946 1655 1016 1740 ιζ’
1022 1658 1070 1743 .]
1104 1639 1386 1723 Pertinet
1414 1657 1547 1723 huc
1574 1656 1939 1745 Hesychius
1958 1594 2141 1725 Voce
2165 1656 2515 1747 Δοςυξίνους·
2540 1656 2662 1723 ubi

581 1762 998 1859 consulantur
1027 1764 1440 1848 Interpretes.
1478 1759 1711 1849 Quod
1738 1752 1975 1827 dicitur
2000 1786 2067 1823 το
2049 1750 2355 1841 ιιιὲιιιλαιιόν,
2378 1760 2658 1826 referam

582 1863 666 1927 ad
721 1876 977 1953 tempus
1036 1875 1188 1929 ante
1240 1861 1647 1959 Megaridem
1690 1884 1729 1927 a
1778 1861 2191 1929 Dorieufibus
2240 1874 2657 1949 occupatam.

577 1965 1020 2061 Tripodiscum
1049 1965 1235 2049 κώμην
1259 1965 1583 2053 Μεγαρίδος
1607 1976 1925 2030 memorat
1948 1964 2369 2107 Thucydides
2398 1968 2516 2032 IV.
2540 1981 2654 2051 70.

579 2067 808 2133 Strabo
836 2069 958 2133 IX.
987 2090 1056 2155 p.
1085 2072 1235 2150 604.
1269 2066 1394 2133 Ο.
1838 2104 1847 2109 ·

665 2186 746 2257 29
747 2182 825 2255 5
849 2168 931 2236 C.
976 2196 1025 2248 ιη
1025 2168 1097 2255 ’.]
1146 2170 1388 2236 Eadem
1427 2168 1766 2234 vanu-reiciat
1807 2178 2203 2235 memoratu}⁸
2240 2170 2481 2257 Quaest.
2528 2170 2651 2235 Gr.

479 2324 486 2331 .
575 2268 669 2335 νθ’.
704 2294 773 2369 Ρ.
809 2290 962 2358 304.
994 2273 1072 2336 Ε.
1156 2268 1537 2358 Theagenes
1581 2285 1890 2359 tyrannus
1924 2272 2291 2372 Megareus
2294 2294 2429 2353 um
2474 2270 2657 2337 socer

575 2372 844 2461 Cylonis
885 2372 1317 2452 Athenienfia‚
1360 2371 1547 2459 cujus
1590 2360 1947 2459 conjuratid
1989 2374 2386 2461 occupandae
2428 2374 2649 2440 Athe-

575 2484 804 2538 narum
847 2473 1172 2563 tyrannidi
1214 2486 1507 2539 narratur
1543 2496 1582 2539 a
1612 2472 1995 2564 Thucydide
2025 2476 2079 2541 Ι.
2113 2479 2259 2544 126.
2300 2475 2552 2543 brevius
2580 2488 2651 2541 et

443 2594 450 2599 ·
507 2622 512 2627 .
573 2574 612 2638 Γ
593 2596 698 2639 ne
739 2574 1109 2662 Theagenia
1151 2574 1485 2641 mentione
1532 2576 1616 2641 ab
1667 2578 2009 2644 Herodoto
2052 2581 2140 2645 V.
2186 2594 2295 2665 71.
2344 2592 2412 2643 et
2460 2577 2649 2642 Plut-

443 2702 450 2711 ·
568 2675 826 2741 archo
807 2697 875 2740 1n
915 2676 1153 2743 Solone
1187 2698 1252 2763 p.
1297 2675 1404 2760 84.
1450 2680 1538 2743 A.
1584 2679 1760 2767 quod
1802 2680 2050 2746 facinus
2091 2682 2449 2747 Larcherus
2489 2702 2645 2769 pro-

566 2776 864 2842 habi-liter
901 2776 982 2841 ad
1023 2800 1265 2843 annum
1309 2790 1460 2845 ante
1507 2780 1736 2847 AEram
1781 2782 2109 2870 vulgarem
2140 2788 2289 2850 612.
2332 2784 2529 2849 refert
2562 2784 2645 2848 T.

571 2879 690 2945 IV.
730 2901 795 2966 Ρ.
823 2862 976 2967 321.
1059 2880 1337 2946 Platonis
1365 2881 1549 2947 locus
1576 2882 1687 2949 nifi
1717 2886 2001 2963 exstaret,
2034 2870 2389 2951 credidisset
2414 2885 2647 2972 aliquis

568 2980 865 3047 disertam
914 2982 981 3047 in
1028 3001 1108 3048 eo
1158 2985 1631 3071 Megarensium
1688 3007 1765 3051 ac
1821 2986 2186 3074 Theagenis
2242 2987 2643 3054 mentionem

566 3084 736 3149 fieri·
720 3134 735 3151 .
785 3108 974 3151 nunc,
1003 3085 1097 3151 nil
1133 3085 1244 3151 nifi
1280 3086 1565 3153 universe
1592 3087 2017 3155 democratias
2046 3090 2479 3177 reprehendit,
2512 3094 2643 3157 Re-

566 3188 749 3271 publ.
803 3188 996 3256 VIII.
1044 3210 1114 3275 p.
1162 3210 1314 3279 499.
1367 3190 1471 3255 A:
1518 3188 1705 3256 ‘'Oi-ow
1752 3192 1907 3275 οἶμαι
1956 3191 2426 3280 δημοκρατουμένη
2482 3192 2646 3283 πόλις

563 3289 861 3376 ἐλευθερίας
911 3291 1225 3372 ὃιψῆσασα,
1280 3300 1466 3357 κακῶν
1510 3292 1764 3379 οἰνοχόων
1809 3294 2263 3381 προσταττόντων
2310 3294 2487 3381 τύχῃ,
2540 3296 2641 3359 καὶ

561 3390 875 3477 soptim-ipen
898 3398 996 3456 τοῦ
1025 3395 1229 3470 δέοντος
1263 3394 1513 3481 ἀκράτου
1549 3398 1715 3472 αὐτῆς
1750 3397 2091 3484 μεθυσθῇ-.
2182 3396 2638 3481 Comparatio-

561 3492 662 3557 nis
705 3494 1071 3582 exemplum
1107 3493 1360 3562 secutus
1403 3496 1491 3561 est
1522 3495 1739 3563 Livius
1782 3498 2106 3565 XXXIX.
2155 3501 2271 3568 26:
2320 3498 2640 3587 Irgfizlenter

559 3604 618 3656 et
647 3594 953 3661 immodice
989 3598 1154 3662 abuti
1189 3597 1486 3685 Thffzlos
1525 3598 2128 3689 indulgentia'populi
2167 3600 2435 3680 Romani,
2464 3600 2641 3665 velut

560 3720 632 3760 ex
676 3697 915 3762 diutina
939 3700 1057 3785 fiti
1091 3699 1262 3764 nimis
1289 3699 1474 3765 avide
1499 3722 1718 3764 meram
1747 3701 2079 3766 haurientes
2108 3700 2479 3766 libertatem.-
2518 3702 2639 3768 ubi

558 3810 625 3863 et
651 3798 830 3864 hunc
853 3812 923 3865 et
949 3800 1222 3866 aliorum
1255 3800 1435 3866 locos
1464 3800 1547 3865 ab
1570 3801 1799 3941 eodem
1830 3803 2127 3892 exemplo
2153 3802 2383 3869 duetos
2424 3824 2635 3891 appo-

557 3899 681 3966 suit
710 3903 778 3968 J.
811 3902 884 3967 F.
915 3902 1302 3968 GronoviuS.

644 3994 793 4091 295.
823 4006 915 4070 D.
946 4004 1009 4069 16'
1016 4008 1060 4091 .]
1113 4004 1465 4071 oraculum
1508 4028 1587 4071 ex
1628 3934 1981 4073 Aristotelis
2018 4008 2185 4074 libro
2222 4011 2327 4075 De
2364 4010 2633 4075 Troeze-

556 4103 808 4187 niorum
849 4110 1204 4197 Republica
1239 4112 1435 4177 refert
1476 4113 1827 4179 Athenaeus
1862 4116 1918 4179 Ι.
1948 4135 2015 4202 p.
2030 4134 2157 4200 31.
2191 4114 2290 4181 Οε
2336 4114 2630 4202 Χςηάμός.

553 4212 686 4273 Irtv’
715 4210 848 4275 οἶνον
873 4212 1132 4300 τρυγίαν,
1165 4216 1275 4278 ἐπεὶ
1305 4217 1404 4278 οὐκ
1437 4212 1726 4293 Ἀνθηδόνα
1767 4214 1950 4296 vatim,
1976 4218 2129 4281 «0ὖῖ
2176 4220 2318 4302 ἶερᾶν
2354 4216 2629 4305 ‘'smigm,

551 4310 624 4375 ἴθι
654 4314 714 4398 γ’
739 4310 980 4400 ἄτρυγον
1007 4315 1154 4382 οἶνον·
1168 4314 1356 4392 ἔπινες.
1409 4314 1751 4423 ’prepostero
1780 4319 1835 4382 δὲ
1862 4320 2017 4405 παρὰ
2042 4321 2155 4393 τοῖς
2178 4317 2528 4405 Τροιζηνίοις,
2560 4315 2631 4393 ὥς
