2850 4817
555 363 673 431 442
857 311 937 416 1).
976 356 1073 417 w.
1116 351 1514 418 ANIMAnv.
1553 357 1646 418 ιΝ
1686 357 2158 418 Pm'rmcm
2197 359 2359 418 Lm.

556 505 753 580 ob'xm'
775 513 1084 599 μῶλωπας,
1128 519 1264 582 ἀλλ’
1298 517 1438 596 ἕλκη
1479 511 1640 582 rheti.
1725 514 2112 585 Themistius'
2149 518 2336 584 Ora‘t.
2366 519 2526 584 XX.
2561 541 2625 606 p.

558 635 709 705 234.
742 617 825 684 C.
852 621 925 684 F.
1010 619 1209 707 Quin.
1239 620 1532 686 Patribus
1571 639 1832 707 quoque
1869 619 2168 686 Ecclefiae
2191 619 2466 686 mirifice
2491 621 2630 708 pia·

556 720 697 786 cuit
738 719 879 787 haec
924 719 1116 788 118110.
1188 720 1345 788 Vid.
1391 721 1732 802 Bafil.,M.
1775 723 1854 788 T.
1901 723 1958 786 1.
2003 743 2072 808 p.
2117 737 2263 808 147.
2311 723 2396 788 C.
2469 725 2630 789 Gre-

554 843 699 908 301.
742 823 911 888 Naz.
940 822 1145 888 ‘Oi-at.
1192 824 1379 889 XVI.
1421 821 1488 910 p.
1521 825 1672 909 263.
1717 823 1808 890 D.
1884 822 2158 888 Isidorus
2203 821 2408 889 Pelus.
2454 826 2536 888 L.
2579 827 2632 889 Ι.

558 923 680 1008 Ep.
710 937 863 1008 417.
887 935 955 990 et
984 922 1168 990 alios.
1258 922 1446 990 Plura
1485 925 1596 1011 qui
1635 923 1968 1004 defideret,
2009 924 2404 1012 lutei-protes
2449 923 2636 988 adeat

555 1024 640 1089 ad
666 1022 905 1092 Juliani
936 1024 1169 1092 Caesar.
1196 1049 1263 1114 p.
1284 1045 1327 1114 5
1327 1042 1397 1114 5.
1487 1027 1796 1092 Ceterum
1833 1023 1979 1114 quie
2007 1025 2184 1092 ίὶἃίο
2209 1027 2298 1092 est
2329 1025 2636 1105 Platonis,

554 1147 637 1192 ea
678 1147 826 1193 vera
872 1127 997 1194 effe
1044 1142 1302 1216 poterat
1344 1128 1658 1196 sententia
1703 1129 2095 1208 Stoicorum,
2139 1128 2252 1217 qui
2303 1125 2638 1210 φαντασίαν,

554 1229 800 1294 τύπωσιν
826 1233 881 1294 ἔν
912 1235 980 1317 τῇ·
1016 1233 1183 1319 ψυχῇ
1218 1231 1556 1314 definiunt,
1587 1245 1664 1297 ut
1698 1231 1958 1298 aliunde
1983 1232 2251 1311 constat,
2283 1243 2355 1296 et
2377 1253 2460 1294 ex
2485 1229 2635 1293 Plu-

558 1330 785 1398 tarcho
813 1331 982 1396 Adv.
1014 1333 1215 1399 Stoic.
1247 1355 1317 1420 p.
1344 1335 1532 1416 1084.
1566 1337 1639 1400 F.
1831 1384 1838 1394 .

639 1435 796 1521 565.
822 1433 896 1499 B.
939 1433 1195 1498 Ποίκιλα
1230 1441 1418 1500 ταῦτα
1446 1437 1542 1500 καὶ
1569 1437 1894 1501 παντοδαπὰ
1915 1433 2208 1522 χρώματα
2234 1440 2346 1498 τῶν
2375 1434 2632 1518 maim]

554 1535 710 1600 Non
747 1535 880 1622 ipstt
908 1535 1147 1617 anima,
1178 1537 1286 1603 sed
1320 1536 1465 1625 ejus
1491 1537 1860 1603 vehiculum
1887 1537 2092 1602 varios
2122 1535 2340 1602 induit
2363 1535 2637 1600 eoloreS.

556 1635 635 1702 Id
674 1659 805 1724 quo
840 1637 1031 1724 paeto
1066 1639 1197 1720 fiat,
1226 1640 1549 1726 explicant
1574 1663 1652 1706 ex
1681 1653 1866 1726 parte
1896 1637 2262 1705 Mercurius
2303 1659 2414 1724 ap.
2451 1636 2638 1702 Stob.

556 1737 747 1829 Phys.
776 1762 845 1828 p.
874 1742 1020 1808 126.
1048 1755 1117 1808 et
1148 1741 1538 1832 Porphyrius
1565 1741 1646 1808 de
1677 1741 1945 1808 Gradib.
1973 1741 2132 1806 ibid.
2169 1748 2240 1828 p.
2271 1760 2422 1827 133.
2509 1738 2638 1804 Sed

552 1842 867 1928 eopiofius
908 1866 991 1908 ex
1035 1845 1291 1934 magica
1320 1844 1659 1933 juniorum
1709 1843 2184 1910 Platonicorum
2231 1839 2638 1930 philosophia

553 1943 821 2010 illustrat
851 1945 1085 2011 psellus
1112 1948 1219 2013 De
1248 1949 1514 2036 Operat.
1543 1945 1851 2012 Daemo'n.
1881 1968 1949 2033 p.
1978 1967 2126 2028 114.
2155 1951 2232 2011 et'
2253 1947 2438 2032 sequ.
2506 1946 2636 2010 Te-

554 2045 708 2134 tigit
754 2069 1013 2134 quoque
1064 2047 1231 2114 hanc
1278 2049 1652 2136 opinionem
1704 2051 1828 2114 ΕΖ.
1869 2048 2223 2135 spanhem.
2267 2047 2356 2112 ad
2395 2044 2638 2114 Juliani

556 2145 790 2214 Caesar.
820 2171 889 2236 p.
911 2171 1021 2236 49.
1052 2150 1164 2216 ubi
1194 2145 1313 2218 nee
1342 2151 1538 2240 hujus
1563 2151 1693 2217 loci
1719 2151 1961 2218 oblitus
1987 2151 2098 2219 est.

635 2254 790 2339 565.
840 2251 922 2318 C.
966 2252 1153 2320 “Ono
1200 2255 1255 2318 δὲ
1301 2255 1365 2318 τὸ
1412 2254 1713 2340 γλαύκινόν
1759 2257 1932 2334 ὗστιν,
1980 2253 2212 2318 ἐντεῦθεν
2253 2250 2512 2340 ἀκρασία
2553 2278 2641 2327 τις

468 2398 478 2408 -
552 2358 675 2443 περὶ
714 2357 900 2434 ἡδονὰς
939 2355 1287 2438 ἔκτᾶτριπτασ
1321 2357 1508 2440 μόλις,
1540 2360 1712 2421 κακὸν
1747 2357 1835 2420 οἶα
1877 2358 2037 2422 δεινὸν
2077 2355 2222 2420 οὖσα
2261 2360 2414 2439 μετὰ
2451 2353 2640 2438 φθόνου

552 2458 705 2522 τουτὶ
746 2456 812 2522 τὸ
858 2461 1003 2535 ἰῶδες
1045 2460 1143 2524 καὶ
1186 2458 1415 2526 ὕπουλον
1459 2458 1640 2549 ὥσπερ
1683 2466 1743 2526 αἲ
1783 2459 1979 2539 σηπίαι
2022 2460 2086 2525 τὸ
2129 2459 2310 2548 μέλας
2351 2457 2634 2542 amineam]

552 2559 769 2625 Locus
826 2561 1049 2627 multis
1104 2562 1393 2648 partibus
1446 2563 1684 2654 ⁸misere
1741 2575 2084 2650 corruptus
2141 2561 2250 2626 est.
2344 2559 2640 2625 Primum

552 2661 752 2744 enim,
792 2655 946 2730 cum
992 2663 1073 2729 de
1113 2663 1369 2731 duobus
1412 2665 1736 2732 coloribus
1777 2665 2010 2730 animae
2045 2665 2348 2752 loquatur
2376 2663 2639 2726 Plutar-

552 2759 742 2842 chus,
772 2761 975 2829 altero
1012 2765 1125 2852 qui
1163 2765 1662 2854 intemperantia
1689 2767 2126 2854 voluptatum,
2154 2765 2354 2830 altero
2381 2764 2498 2850 qui
2525 2763 2638 2826 in-

551 2859 721 2932 vidia
742 2857 1172 2949 contrahitur,
1202 2881 1381 2956 patet
1410 2883 1654 2936 temere
1680 2869 1822 2935 haee
1849 2868 1972 2934 effe
1999 2868 2286 2951 confusa,
2312 2879 2379 2932 et
2407 2865 2636 2930 distin·

549 2967 811 3056 guenda
848 2970 1093 3057 pun&o
1128 2973 1264 3058 post
1290 2971 1666 3059 ἐκτέτριπται.
1755 2971 2014 3039 Deinde
2041 2970 2140 3036 vel
2172 2971 2252 3036 fic
2277 2983 2639 3054 utrumque

550 3069 913 3138 membrum
946 3075 1057 3140 sua
1083 3073 1192 3139 fibi
1223 3074 1420 3140 habet
1449 3073 1625 3140 vitia.
1713 3077 1810 3140 Et·
1827 3075 1894 3139 in
1909 3071 2131 3161 'priore
2160 3071 2446 3161 quidem,
2473 3093 2635 3135 eum

550 3175 759 3241 sermo
806 3176 899 3251 fit,
922 3196 1051 3240 non
1096 3175 1179 3242 de
1222 3175 1440 3243 colore
1480 3199 1674 3267 quem
1719 3178 1856 3264 post
1897 3175 2350 3264 purgationem
2392 3175 2638 3240 retinet

548 3275 787 3355 anima,
835 3277 941 3342 sed
986 3277 1069 3342 de
1120 3291 1207 3355 eo
1245 3303 1442 3369 quem
1486 3301 1527 3344 a
1568 3278 1734 3345 vitiis
1777 3277 2089 3366 concipit,
2133 3276 2588 3365 corrigendum
2611 3301 2632 3342 1

534 3373 721 3439 ”Oxou
764 3379 820 3440 δὶ
864 3378 1118 3463 ἀκρασία
1155 3407 1237 3456 τις
1280 3382 1400 3467 ispi
1437 3384 1621 3459 ἡδονὰς
1659 3382 1829 3459 ἐστὶν,
1858 3381 2088 3445 ἐνταῦθα
2115 3379 2180 3445 vd
2207 3380 2512 3466 γλαύκινον
2537 3383 2636 3442 ἐν·

546 3477 856 3565 τέτριπται.
947 3483 1023 3546 In
1052 3483 1389 3570 posteriore
1420 3505 1570 3550 vero
1600 3484 1895 3549 membro
1925 3504 2044 3569 pro
2073 3485 2232 3547 δεινὸν
2261 3481 2402 3547 οὖσα
2427 3485 2509 3548 Τ.
2539 3484 2636 3550 V.

546 3579 625 3644 B.
664 3577 741 3645 et'
772 3581 873 3646 M.
916 3579 1072 3647 Ald.
1120 3582 1364 3650 babent
1404 3586 1647 3649 ὃινοῢσα.
1703 3587 1924 3673 Marg.
1967 3583 2142 3651 Voff.
2181 3586 2425 3671 praebet
2453 3584 2641 3667 μολῖα

548 3681 677 3748 κοῖα
702 3683 991 3750 ὠδίνουσα.
1078 3687 1413 3752 Veriffima
1439 3689 1524 3752 est
1543 3687 1738 3778 iefflo
1763 3688 1846 3752 ad
1873 3709 2070 3774 quam
2098 3687 2426 3754 literarum
2458 3687 2640 3757 vesti-

545 3786 657 3873 gia
694 3786 968 3868 ducunt,
994 3801 1065 3852 et
1098 3788 1163 3853 in
1192 3811 1386 3876 quam
1427 3789 1657 3856 incidit
1693 3789 1888 3854 etiam
1934 3790 2078 3855 Cel.
2119 3788 2404 3855 Reiikius
2423 3805 2444 3854 ’1
2494 3796 2636 3854 Ka·-

546 3887 733 3953 ndum
756 3891 814 3952 δὲ
841 3889 1039 3954 &neaera
1075 3888 1222 3973 psi-d
1254 3890 1438 3971 φθόνου
1478 3918 1536 3955 κ.
1568 3917 1629 3957 τ.
1664 3906 1727 3955 λ.
1813 3892 2050 3978 Itaque
2078 3889 2221 3955 haec
2252 3891 2340 3954 e'st
2367 3890 2632 3956 senten-

546 3987 639 4053 tia
656 4014 676 4054 1
720 3991 799 4054 In
835 3992 1047 4080 quibus
1084 4005 1279 4058 autem
1294 3993 1618 4058 animabus
1643 3991 2020 4081 voluptatum
2047 3991 2188 4078 inest
2227 3991 2630 4080 intemperan-

389 4104 420 4163 1
437 4104 468 4163 1
482 4103 526 4162 2
545 4090 657 4169 tia,
702 4091 800 4154 hae
844 4091 1094 4158 coeruleo
1147 4095 1328 4160 colore
1377 4094 1620 4182 irfffec‘iae
1644 4097 1819 4184 sunt.
1906 4095 1998 4160 M
1994 4092 2353 4164 alevolentia
2394 4118 2532 4158 vero
2571 4111 2638 4158 et

544 4189 786 4256 invidia
823 4195 929 4259 ubi
958 4193 1120 4279 imfi,
1151 4198 1289 4260 inde
1324 4197 1582 4263 lividum
1619 4197 1858 4266 colorem
1882 4195 2074 4264 veluti
2089 4195 2292 4285 fipiae
2317 4209 2629 4262 atramen-

544 4304 667 4356 tum
692 4294 921 4361 emittit.
1010 4299 1193 4374 Μόλις
1219 4299 1319 4363 vel
1352 4301 1520 4366 ferro
1555 4299 2026 4387 amputandum
2055 4299 2150 4364 est
2173 4312 2245 4364 ut
2275 4313 2494 4378 cetera
2521 4321 2628 4365 re·-
