2850 4817
454 437 463 448 ,
567 391 683 452 372
818 373 925 434 J).
968 377 1064 434 W.
1106 375 1502 434 ANIMADV.
1544 375 1634 433 IN
1677 375 2146 434 PLUTARCHI
2186 376 2342 436 Lus.
2419 379 2428 384 '

568 534 735 600 circa
776 533 1041 622 Olymp.
1064 553 1226 600 ·120.
1318 533 1588 599 Is·adeo
1645 533 1769 598 fuit
1829 530 2134 612 crudeliS,
2192 547 2267 599 ut
2319 535 2539 622 paffim
2590 557 2623 598 a

567 634 976 722 scriptoribus
1003 648 1192 700 ocnm
1233 633 1562 700 Phalaride
1590 635 2040 722 conjungatur,
2071 649 2139 700 et
2169 635 2232 700 in
2269 635 2622 722 exemplum

566 738 1213 824 tyrannicae.saevitiae
1256 750 1670 824 proponatur.
1757 739 1820 802 J.
1861 737 2234 822 Lipfiusad
2275 741 2504 802 Senec.
2545 739 2621 803 Ir.

452 869 471 888 ·
564 841 644 905 L.
673 842 765 905 II.
795 855 861 925 5.
902 841 969 904 h.
998 840 1041 905 l.
1060 863 1189 926 pro
1218 840 1444 908 Σκυθῶν
1473 840 1792 928 corrigere
1819 839 2045 936 voluit,
2077 841 2343 920 σκυτέων,
2372 866 2411 903 a
2439 840 2621 904 coria-

563 942 695 1022 riis‚
740 942 1113 1008 cerdonibus:
1160 950 1208 983 “
1226 937 1282 1006 ct
1324 943 1371 1007 ii
1406 966 1570 1021 vcra,
1610 944 1724 1022 ait,
1741 941 2023 1028 solebant
2037 941 2221 1031 pelles
2253 943 2618 1006 detrahere.''

561 1044 896 1110 Leviffima
935 1045 1081 1111 sane
1123 1046 1211 1110 est
1250 1045 1438 1110 ratio.
1527 1047 1702 1110 Nam
1741 1043 1948 1130 primo
1982 1044 2271 1131 quidem,
2303 1037 2430 1108 lioc
2457 1043 2620 1108 sensu

564 1147 941 1226 Plutarchus
970 1148 1242 1232 γναφέων,
1272 1145 1677 1234 ᾳβῖἶοηὶὁιιε,
1711 1145 2026 1232 posuisset.
2097 1145 2351 1214 Deinde
2381 1168 2510 1211 non
2539 1146 2617 1209 vi-

560 1249 711 1330 de0‚
760 1272 956 1337 quare
1003 1251 1231 1315 Σκυθῶν
1274 1272 1468 1336 quem
1515 1248 1822 1314 offendat.
1910 1248 2300 1335 Scytharum
2349 1249 2521 1314 enim
2562 1261 2618 1311 et

558 1353 716 1418 saeva
743 1352 867 1418 fuit
898 1373 1063 1439 gens
1090 1363 1157 1416 et
1188 1350 1570 1417 Caffandriae
1612 1350 1906 1430 finitima,
1937 1373 1979 1414 a
2003 1373 2139 1437 qua·
2158 1352 2286 1416 fine
2315 1351 2512 1416 dubio
2539 1349 2614 1414 ti-

558 1477 735 1520 mere
760 1454 870 1518 fibi
893 1466 1189 1541 potuerat
1214 1453 1676 1540 Apollodorum
1701 1453 1855 1520 Vid.
1887 1465 2198 1540 praeterea
2222 1457 2286 1529 J.
2309 1455 2613 1519 Davifium

556 1558 639 1623 ad
679 1557 975 1622 Ciceron.
1019 1559 1110 1622 N.
1139 1557 1238 1621 D.
1277 1559 1353 1621 L.
1386 1558 1513 1634 ΙΙΙ.
1544 1580 1602 1622 c.
1627 1577 1739 1643 33.
1785 1571 1854 1621 et
1881 1557 2201 1642 inprimis
2226 1557 2379 1622 Nic.
2416 1557 2608 1624 Hein-

443 1644 712 1724 56s1u1n
742 1659 827 1722 ad
856 1657 1045 1724 ovid.
1076 1681 1155 1723 ex
1184 1658 1390 1723 Ponto
1422 1659 1512 1722 II.
1543 1680 1607 1744 9.
1637 1678 1747 1743 43.
1779 1657 1886 1743 qui
1920 1657 2178 1744 tyranni
2208 1657 2404 1744 hujus
2431 1657 2609 1721 histo-

554 1757 715 1822 riam
750 1758 913 1824 adeo
942 1759 1268 1825 luculente
1297 1759 1610 1838 traRavit,
1641 1771 1716 1822 ut
1742 1757 1830 1822 nil
1862 1758 2047 1844 supra
2078 1756 2226 1822 addi
2253 1758 2424 1843 poffe
2453 1757 2610 1821 vide-

554 1871 719 1925 atur.
724 1863 998 1942 —M0x,
1040 1867 1150 1938 τοῖς
1189 1861 1419 1946 σώμασι
1450 1862 1640 1946 κύκλῳ
1676 1861 1796 1946 περὶ
1827 1862 1989 1924 αὐτὸν
2026 1859 2480 1948 πεςιτρεχοῦσας,
2507 1861 2606 1924 ab·

542 1962 701 2026 :sunt
728 1964 811 2027 ab
842 1964 1027 2029 Harl.

634 2079 787 2150 555.
818 2065 895 2129 Β.
928 2065 1245 2154 Ἵππαρχον
1272 2066 1327 2130 δὲ
1350 2067 1446 2128 τὸν
1482 2064 1918 2152 Πεισιστράτου,
1956 2053 2153 2150 μικρόν
2191 2061 2487 2147 ἔμπροσθεν
2523 2091 2605 2140 της

547 2173 826 2246 τελευτῆς,
855 2167 999 2250 αἷμα
1026 2171 1460 2248 προσβαλοῦσαν
1489 2171 1642 2253 αὐτῷ
1667 2172 1764 2246 τὴν
1791 2167 2168 2252 ΗΑφροδίτην
2147 2193 2210 2230 εκ
2246 2168 2418 2241 τινὸς
2417 2167 2606 2250 φιάλης

484 2288 489 2300 ·
543 2270 677 2354 πρὸς
696 2271 759 2333 τὸ
780 2270 1093 2358 πρόσωπον]
1128 2268 1324 2336 Aliud
1344 2269 1662 2335 somnium
1691 2268 2141 2356 Hipparchum
2169 2267 2428 2349 vidifl’e,
2432 2269 2604 2334 nocte

546 2385 907 2460 antequam·
942 2372 1391 2450 occideretur,·
1414 2372 1610 2436 refert
1659 2368 2035 2435 Herodotus
2086 2371 2164 2434 L.
2209 2371 2298 2435 V.
2354 2393 2423 2456 p.
2467 2373 2604 2456 398.

531 2473 852 2561 ’Ἵππαρχον
892 2478 986 2540 τὸν
1026 2473 1466 2561 Πεισιστράτου,
1515 2469 1738 2537 Ἱππιέοο
1786 2473 1840 2536 δὲ
1885 2478 1982 2535 τοῦ
2030 2471 2290 2556 τυράννου
2335 2473 2601 2556 ἀδελφεὸν,

528 2575 725 2640 :istim
750 2576 876 2653 ὄψιν
902 2576 1139 2642 ἐνυπνίου
1173 2582 1253 2661 τῷ·
1268 2631 1275 2637 .
1293 2580 1491 2639 ἑωυτοῦ
1518 2576 1690 2641 πάθει,
1707 2573 2117 2658 ἐναργεστάτην
2157 2573 2228 2656 (f.
2267 2575 2602 2659 ἐμφερεστά-

532 2679 695 2758 σην),
735 2677 1001 2742 κτείνουσι
1036 2676 1466 2764 Ἀριστογείτων
1509 2677 1604 2741 καὶ
1637 2667 2098 2764 ·“Αςμ.ο’διος-”Η
2127 2675 2227 2758 μέν
2255 2702 2346 2740 νυν
2373 2676 2493 2752 ὄψις
2517 2683 2603 2742 τοῦ

526 2769 849 2865 Ἱππάρχου
892 2777 1126 2843 ἐνυπνίου
1169 2775 1229 2856 ἦν
1264 2779 1373 2856 ἥδε·
1422 2780 1476 2841 ἐν
1513 2780 1578 2864 τῇ
1617 2777 1846 2865 προτέρῃ
1886 2771 2048 2844 νυκτὶ
2076 2783 2184 2840 τῶν
2219 2777 2602 2856 Παναθηναίων

535 2878 711 2944 ἐδόκεε
750 2885 777 2943 ὁ
804 2877 1121 2966 Ἵππαρχος
1168 2877 1340 2965 ανὸρα
1376 2884 1425 2942 οἱ
1467 2879 1773 2944 ἐπιστάντα
1811 2876 1997 2964 μέγαν
2035 2880 2132 2942 καὶ
2171 2878 2380 2941 εὐειδέα
2424 2877 2598 2942 αἰνίσ-

532 2984 730 3048 σεσθαι
760 2983 894 3047 τάδε
921 2987 999 3046 τοὶ
1020 2983 1177 3063 ἔπεα,

785 3092 958 3167 Τλῆθι
988 3089 1127 3154 λέων
1152 3087 1375 3166 ἄτλητα
1400 3086 1584 3152 παθοον
1609 3086 1862 3164 τετληότι
1893 3087 2065 3172 θυμω,
2175 3123 2182 3126 -

784 3192 979 3264 Οὐδεις
1008 3191 1300 3277 ἀνθρώπων
1324 3193 1526 3254 ἀδικῶν
1553 3187 1699 3254 τίσιν
1725 3193 1822 3254 οὐκ
1856 3189 2134 3254 αποτίσει.
2207 3255 2213 3258 ,

528 3289 752 3356 Simile
794 3290 855 3354 ei
898 3291 1075 3376 quod
1116 3291 1186 3356 h.
1220 3290 1266 3356 l.
1312 3303 1524 3356 narrat
1567 3290 1969 3370 PlutarchuS,
2015 3291 2236 3358 matri
2256 3290 2599 3362 Phalaridis

524 3391 819 3478 obtigiffe
862 3392 1210 3473 ferebatur,
1249 3407 1325 3458 ut
1365 3395 1626 3459 constat
1641 3415 1720 3458 ex
1761 3393 2075 3458 Cicerone
2108 3392 2399 3459 Divinat.
2430 3397 2508 3460 L.
2540 3397 2595 3467 Ι.

524 3515 587 3558 o.
620 3513 725 3578 23.
784 3495 1058 3558 Matrem
1088 3494 1666 3582 Phalaridisscribit
1691 3495 1970 3558 Ponticus
2002 3493 2380 3576 Heraclides,
2411 3497 2600 3560 dacius

519 3595 655 3684 fuir,
677 3595 915 3662 auditor
948 3609 1005 3661 et
1033 3596 1351 3687 discipulus
1381 3595 1682 3676 Platonis,
1711 3597 1902 3683 visam
1931 3597 2038 3682 effi
2062 3596 2268 3660 videre
2296 3598 2360 3661 in
2375 3598 2600 3686 somnis

496 3698 831 3784 simulacra
858 3701 1144 3780 Deorum,
1180 3725 1319 3789 quae
1353 3700 1471 3786 ipfi
1496 3698 1788 3762 Phalaris
1823 3698 1978 3762 domi
2005 3698 2444 3786 conficravg'ffbt
2463 3725 2484 3762 .·
2529 3723 2595 3763 ex

519 3801 611 3864 bis
644 3803 1016 3866 Mercurium
1042 3827 1073 3865 e
1094 3816 1331 3892 patera,
1364 3825 1541 3888 quam
1571 3802 1814 3865 dextera
1853 3823 2034 3866 manu
2063 3811 2308 3881 teneret,
2325 3801 2592 3889 βιηὲιιὶέ-

516 3929 649 3969 mm
677 3930 723 3968 v
723 3905 873 3994 sum
900 3905 1285 3993 qffesundcre
1312 3915 1443 3970 cet.

598 4022 752 4092 555.
781 4008 859 4072 Β.
910 4007 1245 4082 Παυσανίας
1288 4006 1343 4070 δε
1386 4003 1749 4082 Κλεονίκην’
1729 4029 1782 4068 εν
1821 4003 2108 4092 Βυζαντίῳ
2147 4004 2408 4092 παρθένον
2435 4011 2586 4070 ἐλευ-

1187 4232 1214 4264 s·
1244 4223 1341 4270 Dio
1362 4221 1532 4284 Chrys.
1553 4223 1640 4272 Or.
1663 4221 1728 4270 11.
1749 4232 1829 4272 35..
1851 4221 1908 4270 G.
