2850 4817
566 387 669 464 ‚9²
830 366 850 380 ‘
879 370 959 430 D.
1000 370 1097 428 W.
1126 369 1536 466 ‘ANIMADW
1579 371 1670 428 ΙΝ
1709 369 2176 458 PLUTARCHI
2213 371 2372 432 LIB.

588 543 1048 617 argumentum
1092 550 1175 593 an
1218 528 1345 594 tale
1388 528 1606 606 fuerit,
1641 528 1828 616 quale
1873 529 2158 595 Reiskius
2202 529 2314 610 ait,
2350 529 2660 596 affirmare

590 655 723 698 non
756 631 987 712 audeo,
1031 630 1113 696 de
1154 630 1396 714 libelle,
1435 631 1619 719 cujus
1663 631 1926 719 scriptor
1962 630 2030 697 in
2062 631 2175 696 suo
2211 631 2342 719 ipse
2372 633 2657 698 instituto

590 735 892 800 turbavit.
982 733 1266 799 Quaestio
1293 733 1419 798 illis
1451 733 1845 821 temporibus
1873 733 2137 824 agitata,
2168 748 2384 800 utrum
2413 735 2656 800 Virtuti

586 857 666 902 an
716 839 1011 924 Fortunas
1040 834 1219 900 initia
1254 849 1324 900 et
1360 835 1758 901 incrementa
1789 837 1954 901 tanti
1985 831 2234 923 imperii
2263 837 2643 904 debeantur:

589 938 834 1004 Graecis
862 938 995 1002 fere
1033 937 1380 1002 secundum
1414 938 1736 1003 Fortunam
1769 936 2248 1024 judicantibus:
2297 952 2370 1003 ut
2416 939 2542 1004 hoc
2583 941 2647 1005 in

581 1038 801 1104 libello
844 1039 1088 1104 facium
1132 1038 1218 1104 est
1236 1063 1257 1120 3
1308 1038 1413 1102 nifi
1461 1061 1537 1103 ea
1583 1059 1753 1125 pars,
1802 1060 1947 1125 quae
1997 1037 2344 1118 intercidit,
2399 1038 2650 1106 Virtutis

582 1139 887 1205 vindicias
924 1139 1173 1204 habuit.
1264 1135 1558 1202 Caufl'am
1602 1137 1824 1224 attigit
1853 1139 1933 1202 ls.
1967 1131 2378 1210 casaubonus
2413 1139 2494 1204 ad
2527 1143 2645 1206 Po-

582 1243 741 1331 lybii
779 1243 837 1306 Ι.
869 1261 951 1323 4.
1010 1240 1077 1304 in
1121 1261 1248 1327 qua
1291 1239 1556 1304 omnino
1600 1238 1934 1305 adversarii
1985 1261 2060 1304 ac
2107 1239 2396 1305 rivales
2377 1241 2644 1308 invicem

578 1344 841 1411 fuerunt
883 1343 1097 1409 Graeci
1142 1354 1210 1407 et
1258 1341 1574 1410 Romani.
1638 1364 1911 1440 quorum
1960 1341 2031 1408 hi
2079 1342 2206 1407 illis
2253 1343 2508 1433 imperii
2557 1344 2686 1409 sui.

579 1444 1119 1536 magnitudinem,
1147 1443 1239 1509 illi
1275 1443 1375 1509 his
1417 1442 1851 1509 Alexandrum
1882 1457 1952 1509 et
1981 1443 2403 1511 Athenienses
2436 1469 2641 1534 oppo-

580 1552 847 1616 nebant.
882 1546 1055 1635 quod
1086 1545 1390 1633 proximis
1416 1545 1482 1610 in
1512 1545 1744 1610 libellis
1773 1543 2063 1611 disertius
2090 1545 2574 1633 explicabimuS.

663 1674 729 1739 p.
768 1652 918 1735 316.
960 1650 1041 1715 C.
1090 1653 1163 1725 ᾼῖ
1199 1649 1437 1724 πολλοὺς
1476 1647 1752 1722 πολλάκις
1795 1645 2162 1734 ἠγωνισμέναι
2215 1650 2310 1712 καὶ
2359 1651 2644 1734 μεγάλους

575 1759 800 1839 ἀγῶνας
830 1755 1027 1838 Ἀρετὴ
1071 1751 1166 1815 καὶ
1204 1751 1486 1837 Τῦχη-]
1538 1748 1906 1814 Certamina
1941 1748 2392 1837 intelliguntur
2423 1775 2642 1818 earum

577 1880 708 1922 non
752 1856 818 1920 in
858 1856 1021 1920 rebus
1059 1855 1334 1942 gerendis
1373 1852 1646 1918 invicem
1689 1850 2177 1933 adversantium,
2221 1853 2328 1919 sed
2371 1857 2444 1918 de
2482 1857 2645 1922 rebus

568 1958 745 2046 8⁴?stss
782 1955 1204 2044 litigantium,
1245 1955 1518 2020 laudem·
1545 1954 1945 2040 caussamque
1985 1954 2337 2020 effec’tionis
2371 1970 2642 2046 utraque

576 2061 687 2126 fibi
725 2059 1124 2124 vindicante:
1170 2057 1376 2146 qualis
1420 2059 1508 2122 est
1541 2063 1568 2120 ὁ
1603 2055 1790 2144 negotiu
1825 2054 2005 2142 ἀγὼν,
2042 2059 2293 2144 praesens
2336 2072 2640 2142 certamen,

573 2163 750 2252 quod
776 2162 843 2227 in
869 2162 995 2226 hoc
1023 2159 1266 2239 libelle,
1298 2173 1624 2245 tamquam
1657 2181 1873 2223 coram
1894 2158 2225 2245 judicibus
2257 2182 2331 2226 ac
2361 2163 2640 2242 testibuS,

572 2277 816 2352 agunt:
864 2260 1204 2349 qualiaque
1242 2260 1325 2324 de
1365 2261 1508 2324 aliis
1545 2259 1908 2325 civitatibus
1937 2259 2202 2347 virisque
2229 2276 2529 2348 egerunt,
2562 2264 2640 2330 de

568 2367 805 2455 quibus
852 2362 1159 2448 quaeritur
1210 2361 1535 2426 Virtutine
1584 2383 1668 2426 an-
1721 2363 2019 2428 Fortunae
2062 2363 2210 2450 plus
2253 2363 2633 2432 debuerint:

566 2467 764 2533 veluti
796 2463 1213 2552 Affyriomm,
1242 2465 1589 2542 Persarum,
1619 2465 2109 2551 AEgyptiorum,
2141 2466 2639 2555 Carthaginien·

566 2571 722 2636 fium
766 2564 1035 2651 imperio
1055 2589 1073 2645 3
1122 2563 1580 2646 SemiramidiS,
1638 2566 1817 2654 Cyri,
1871 2567 2179 2648 Sesostris,
2233 2570 2635 2653 Hannibalis,

548 2670 863 2756 aliorum,
902 2666 1093 2734 rebus
1118 2666 1328 2753 gestis,
1416 2669 1592 2754 Ergo
1618 2668 1704 2732 est
1743 2666 1901 2753 ἀγὼν
1921 2669 2259 2756 judicialis,
2287 2691 2420 2756 quo
2459 2673 2641 2738 sensu

446 2855 453 2864 ι
542 2785 633 2837 -et
660 2770 926 2836 verbum
959 2763 1321 2854 ἀγωνίζεσθαι
1358 2769 1660 2856 frequens
1687 2771 1798 2835 est.
1884 2773 1990 2837 'De
2018 2787 2178 2860 opere
2201 2786 2268 2838 et
2272 2773 2452 2860 fabio
2479 2774 2638 2840 dici-

562 2887 670 2939 tur
716 2861 1047 2958 aliquanto
1095 2869 1316 2936 rarius.
1407 2871 1786 2959 cujusmodi
1832 2871 1996 2937 dixit
2047 2873 2347 2962 Polybius
2392 2874 2468 2940 in.
2513 2876 2634 2943 hac

560 2976 694 3063 ipsa
720 2997 813 3055 re,
842 2974 924 3038 de
952 2972 1361 3068 incrementis
1405 2974 1662 3062 imperii
1706 2974 2020 3040 Romani:
2058 2979 2122 3041 τὸ
2143 2978 2474 3044 ’κάλλιστον
2512 2979 2638 3064 ἅμα

540 3081 657 3144 -καὶ
688 3076 1115 3160 ὠφελιμώτατον
1151 3079 1478 3160 ἐπιτήδευμα
1502 3084 1598 3156 τῆς
1625 3077 1840 3165 Τύχης·
1887 3084 2076 3143 πολλοὶ
2118 3083 2233 3166 γὰρ
2271 3079 2424 3159 αὕτη·
2447 3107 2635 3145 καινο-

554 3189 789 3250 menfica
818 3180 912 3244 nal
942 3186 1190 3266 συνεχῶς
1216 3181 1638 3265 ἐναγωνιζομένη
1669 3185 1781 3256 τοῖς
1807 3189 1916 3246 τῶν
1941 3179 2226 3267 ἀνθρώπων
2245 3181 2409 3263 βίοις,
2431 3183 2634 3248 οὐδέπω

462 3355 469 3362 θ
536 3284 737 3348 ··“τοῖόνδ’
790 3286 981 3356 ἁπλῶς
1036 3281 1144 3346 οὔτ’
1201 3282 1507 3369 εἰργάσατο
1554 3282 1734 3368 ἔργον,
1782 3282 1892 3347 οὔτ’
1939 3283 2250 3370 ἠγωνίσατρ
2304 3284 2631 3369 ἀγώνισμα.

532 3384 936 3450 Plutarchus
964 3385 1068 3449 De
1093 3379 1379 3450 Amicor.
1409 3385 1752 3450 Multitud.
1783 3409 1850 3474 p.
1883 3406 1988 3472 94.
2021 3386 2112 3451 Ca
2153 3381 2224 3462 εῗξ
2247 3392 2446 3472 ἀγῶνα
2475 3388 2627 3451 ἁπά-

550 3474 652 3564 ἁης
677 3487 876 3572 τύχης.
949 3487 1053 3550 De
1084 3487 1293 3554 Genio
1324 3488 1502 3552 Socr.
1535 3509 1600 3573 p.
1624 3504 1705 3573 57
1710 3503 1774 3573 5.
1805 3489 1892 3553 C:
1939 3492 2150 3571 ἀγῶνες
2179 3493 2371 3575 ἀρετῆς
2400 3491 2496 3552 καὶ
2525 3491 2626 3554 τύ·-

545 3615 685 3676 χης,
729 3587 895 3674 quafi
938 3586 1450 3668 adversariarum,
1496 3588 1923 3653 declarantur.
2009 3589 2250 3653 Julian.
2299 3591 2416 3654 Or.
2461 3593 2518 3654 Ι.
2559 3613 2625 3678 p.

552 3707 659 3774 23.
698 3689 775 3752 B.
854 3688 982 3754 Sed
1024 3690 1171 3755 hoc·
1193 3690 1343 3756 loco
1386 3690 1580 3756 unice
1609 3690 1776 3755 valet
1803 3694 2016 3774 ἃγῶνος
2044 3683 2624 3789 Εεῃίἦοὲῑίο·]ιιᾰί-

548 3789 753 3854 cialis:
786 3789 971 3878 cujus
1000 3805 1132 3857 tam
1162 3793 1461 3880 frequens
1491 3793 1578 3858 est
1601 3793 1776 3873 usuS,
1808 3806 1886 3858 ut
1918 3791 2010 3858 nil
2034 3792 2306 3858 attineat
2333 3795 2628 3883 exempla

550 3913 895 3980 apponere.
984 3895 1067 3958 Et
1101 3894 1228 3960 hoe
1269 3895 1462 3960 verbo
1500 3917 1764 3961 monere
1803 3895 1950 3960 satis
1990 3894 2326 3981 είὶ,·Τῦχης
2362 3898 2625 3962 nomine

548 3994 866 4060 contineri
902 4018 1163 4061 omnem
1204 4020 1416 4062 rerum
1458 3997 1912 4085 actionumque
1941 3997 2374 4079 efficientiam,
2407 4022 2556 4086 quae
2586 4023 2625 4064 a

545 4086 805 4162 Virtute
842 4097 1181 4186 disjuncta,
1213 4124 1333 4167 nec
1362 4102 1426 4166 in
1459 4103 1739 4167 hominis
1769 4102 2075 4188 potestate
2106 4103 2307 4188 pofita
2335 4105 2423 4168 est
2441 4131 2462 4184 3
2510 4104 2627 4168 five

544 4199 655 4262 illa
684 4213 758 4263 ut
788 4201 966 4266 casus
996 4215 1063 4267 et
1094 4198 1444 4284 temeritaS,
1476 4205 1593 4268 five
1627 4218 1703 4270 ut
1727 4203 1938 4268 divina
1974 4204 2374 4290 providentia
2415 4205 2621 4271 infor-

522 4305 778 4366 'metun
864 4304 935 4369 Si
967 4305 1107 4393 quis
1140 4319 1355 4372 autem
1387 4306 1695 4396 desideret
1722 4305 2276 4392 reprehensionem
2304 4307 2618 4374 caecitatis
