2850 4817
455 279 569 340 DE
610 282 812 342 sum
851 283 1205 344 NUMINIS
1246 263 1654 346 vmm'c'rA.
1696 285 2018 370 11561111.
2065 285 2071 292 ·
2169 304 2286 364 447

200 420 466 508 Talium
506 443 771 531 quidem
808 443 1107 510 festorum
1143 444 1642 532 perpetuitatem
1670 446 1847 533 apud
1873 444 2110 512 inferos
2135 447 2290 512 bea-

208 556 433 610 torum
488 544 608 610 effe
660 544 895 610 sortem
953 545 1226 634 vulgaris
1278 547 1632 634 superstitio
1675 547 2016 614 credebat:
2071 570 2292 625 verum

212 647 598 712 Plutarchus
642 646 835 712 nimis
872 660 1151 712 terrenas
1190 648 1307 713 has
1350 649 1716 736 voluptates
1756 673 1872 737 pro
1909 648 2107 716 animi
2146 651 2290 718 fim-

214 749 507 835 plicitate
555 750 926 830 arbitratus,
973 750 1099 816 hoc
1146 750 1544 816 domicilium
1581 751 2005 840 voluptuariis
2047 766 2115 818 et
2157 775 2296 822 cor-

213 852 391 937 poris
434 853 741 918 defiderio
776 852 1085 919 obstriffis
1124 853 1459 920 animabus
1487 853 1746 938 tribuit3
1793 877 2001 942 neque
2026 854 2294 921 obscure

214 976 369 1020 cum
415 954 825 1041 Empedoclis
870 962 1091 1039 λειμῶνι
1134 954 1268 1034 ἄτης
1319 970 1670 1042 comparat,
1717 956 1904 1044 cujus
1935 955 2292 1032 exhalatio-2

215 1058 410 1122 nibus
434 1058 653 1124 anima
676 1056 819 1122 suas
846 1057 979 1123 alas
1008 1058 1220 1145 perdit
1248 1072 1317 1123 et
1342 1058 1409 1122 in
1444 1071 1675 1125 terram
1707 1058 2050 1138 delabitur,
2077 1073 2152 1124 ut
2177 1059 2294 1126 do-
2345 1066 2349 1071 ’

214 1172 324 1225 cet
356 1159 687 1227 Hierocles
712 1159 973 1225 Comm.
1006 1159 1224 1224 Carm.
1254 1159 1418 1224 Aur.
1459 1183 1525 1248 p.
1551 1179 1591 1245 3
1596 1178 1635 1246 5
1637 1180 1677 1245 5
1689 1159 2094 1247 .-Denique
2125 1162 2292 1226 Bac-

212 1260 404 1332 chica
432 1275 613 1327 antra
640 1261 820 1326 variis
850 1260 991 1328 Diis
1033 1262 1203 1327 sacra
1240 1274 1447 1343 erant,
1483 1262 1878 1351 ⁰Corycium
1909 1262 1974 1327 in
2008 1264 2302 1330 Parnasso.

214 1375 535 1428 memorat
581 1362 911 1428 Pausanias
948 1385 1015 1450 p.
1050 1363 1199 1448 877.
1238 1376 1305 1429 et
1348 1364 1497 1449 878.
1585 1364 1978 1430 Bacchicum
2007 1364 2070 1430 in
2103 1367 2296 1438 Naxo,

220 1464 611 1554 Porphyrius
649 1465 843 1530 Antr.
885 1466 1183 1554 Nymph.
1221 1489 1290 1554 p.
1324 1470 1473 1534 262.
1507 1469 1579 1532 F.
1624 1479 1692 1532 et
1729 1466 1796 1532 in
1829 1466 2113 1533 Parnafl‘o
2141 1467 2293 1544 Ma-,
2333 1533 2342 1558 ι

216 1568 479 1634 crobius
516 1569 773 1636 Saturn.
814 1569 896 1632 L.
931 1569 989 1635 Ι.
1026 1590 1086 1634 c.
1121 1569 1220 1654 18.
1262 1591 1327 1657 p.
1365 1570 1722 1642 2869.--Pro
1757 1575 1918 1633 τοῦτο
1955 1569 2295 1656 πασχούσας

219 1670 435 1742 sensus
471 1670 719 1760 flagitat
752 1671 817 1734 τὸ
858 1672 993 1734 αὐτὸ
1029 1698 1095 1735 π.
1144 1668 1311 1734 Ἕσω
1337 1672 1440 1754 μὲν
1469 1660 1682 1752 ὀφθῆναι
1721 1671 1892 1738 reete
1919 1670 2002 1736 ab
2033 1686 2294 1739 antece-

216 1772 521 1839 dentibus
548 1772 825 1838 distinxit
851 1785 919 1838 et
948 1771 1403 1858 interpretatus
1433 1772 1519 1837 est
1546 1774 1891 1858 Interpres.
1967 1773 2145 1838 Ante
2171 1777 2296 1837 δια-
2337 1815 2344 1824 -
2409 1848 2425 1859 ,

216 1877 637 1976 πεποικιλμένον
674 1891 899 1964 putem
944 1875 1237 1943 excidiss'e
1270 1874 1355 1957 ἦν,
1390 1876 1569 1964 quod
1604 1876 1810 1943 abesse
1840 1875 2086 1964 nequit.
2176 1876 2298 1944 Pro

218 1985 401 2070 ἡδονῆς
426 1983 507 2046 Τ.
539 1982 625 2046 V.
661 1981 735 2044 B.
770 1993 837 2046 et
868 1979 1038 2048 Coll.
1070 1979 1330 2046 Schott.
1358 1980 1543 2059 ἡδονάς
1560 1979 1626 2045 d..

310 2105 373 2171 p.
405 2085 556 2170 566.
586 2084 676 2148 A.
700 2083 921 2170 ’Ἔλεγε
952 2084 1006 2146 δὲ
1034 2082 1207 2170 ταύτῃ
1231 2084 1326 2148 τὶν
1355 2082 1616 2148 Δίονυσον
1645 2088 1717 2159 εἷς
1745 2084 1886 2159 θεοὺς
1909 2084 2170 2161 ἀνελθεῖν,
2203 2085 2300 2150 καὶ

222 2191 323 2265 τὴν
338 2187 593 2270 Σεμέλην
614 2186 840 2272 ἀνάγειν
862 2185 1104 2274 ὕστερον·
1132 2187 1425 2251 καλεῖσθαι
1451 2187 1506 2250 δὲ
1527 2187 1685 2266 λήθης
1709 2188 1802 2252 τ’ὃν
1823 2186 2032 2271 τόπον.]
2062 2185 2304 2252 Fabula

225 2289 308 2354 de
351 2288 611 2354 Baccho
646 2301 714 2353 et
756 2286 1003 2354 Semele
1032 2310 1071 2353 a
1098 2285 1319 2352 multis
1348 2289 1444 2354 est·
1465 2289 1806 2368 celebrata,
1843 2300 1871 2333 e
1890 2287 1996 2352 sed
2040 2298 2300 2352 antrum

225 2392 355 2457 hoc
384 2413 600 2469 neme,
630 2390 805 2478 quod
832 2390 1046 2470 sciam,
1077 2390 1474 2456 memoravit.
1557 2391 1950 2477 Quanquam
1981 2388 2176 2461 talem
2208 2387 2300 2456 vi-

224 2493 427 2581 guiffe
468 2493 708 2558 famam
751 2515 829 2558 ex
866 2514 945 2558 eo
985 2492 1306 2582 conjicere
1348 2493 1522 2574 licet,
1553 2492 1728 2580 quod
1764 2491 2222 2578 Aristophanes
2251 2491 2300 2556 l.

228 2619 290 2662 c.
333 2597 493 2661 Ran.
533 2612 678 2680 154.
708 2615 862 2682 321.
892 2608 962 2659 et
983 2579 1137 2681 390.
1180 2593 1307 2659 tale
1343 2594 1593 2675 festum,
1621 2593 1816 2681 quale
1860 2593 1968 2658 hic
2005 2592 2304 2660 describit

231 2698 635 2779 Plutarchus,
680 2699 763 2763 ab
806 2697 1073 2763 initiatis
1114 2696 1179 2762 in
1224 2697 1538 2764 honorem
1579 2695 1818 2762 Bacchi
1854 2695 2029 2784 apud
2065 2694 2303 2762 inferos

228 2800 336 2889 agi
367 2813 603 2869 narrat.
628 2802 733 2867 De
757 2822 825 2865 rc
853 2799 987 2887 ipsa
1015 2799 1183 2866 testis
1212 2800 1300 2864 est
1325 2800 1763 2928 Apollodorus
1792 2802 1868 2865 L.
1899 2800 2028 2865 III.
2059 2821 2126 2886 p.
2155 2819 2303 2884 143.
2407 2823 2415 2830 ·

230 2901 539 2990 ἀναγαγων
568 2906 629 2985 ἐξ
653 2901 785 2968 ἅδου
810 2905 907 2982 τὴν
933 2901 1351 3002 μητέροι--μετ’
1384 2905 1550 2979 αὐτῆς
1579 2906 1651 2977 εἰς
1686 2904 1905 2987 οὐρανὸν
1917 2902 2192 2979 ἀνῆλθενς
2237 2914 2306 2966 et

233 3007 363 3072 late
402 3006 541 3093 egit
573 3005 870 3072 Julianus
911 3006 1094 3071 Orat.
1133 2991 1218 3070 V.
1222 3004 1608 3070 —Diversus
1633 3019 1848 3072 autem
1880 3004 2084 3070 noster
2109 3002 2246 3068 abit
2267 3024 2308 3070 a

236 3107 522 3186 Platone,
554 3105 666 3194 qui
707 3106 883 3172 aliud
924 3105 1121 3194 longe
1166 3105 1345 3174 finxit
1382 3106 1542 3186 λῆθης
1577 3106 1752 3172 πεδίον
1793 3081 1951 3194 Rep.
1988 3107 2067 3169 Ι..
2108 3105 2195 3168 X.
2235 3127 2312 3192 p.

232 3222 385 3292 521.
416 3211 492 3272 E.
544 3218 609 3272 et
648 3207 952 3274 AEschine
978 3206 1258 3274 Axiocb.
1290 3211 1352 3292 §-
1378 3227 1484 3274 20.
1517 3208 1670 3296 quin
1701 3209 1847 3276 ase
1855 3207 1989 3295 ipso
2013 3205 2305 3294 Sympos.

232 3311 317 3375 L.
351 3311 471 3375 IX.
511 3331 581 3396 Ρ
613 3325 762 3395 749.
799 3310 892 3375 D.
938 3308 1049 3374 ubi
1090 3310 1403 3375 Muficam
1451 3308 1644 3375 docet
1686 3309 1855 3396 apud
1897 3308 2133 3376 inferos
2175 3330 2308 3374 non
2333 3324 2362 3382 1
2380 3308 2472 3384 16

234 3411 383 3477 novi
415 3411 697 3498 corporis
726 3410 1099 3476 defiderium
1135 3410 1470 3492 animabus
1498 3409 1811 3491 instillare,
1844 3411 1951 3476 sed
1980 3409 2318 3502 voluptate

235 3512 520 3602 perfusas
563 3513 735 3601 apud
780 3512 843 3578 se
886 3511 1175 3578 retinere.
1267 3512 1514 3579 Contra
1543 3511 1767 3578 Celsus
1793 3535 1900 3599 ap.
1929 3513 2197 3600 Origen.
2230 3514 2308 3606 L.

235 3617 428 3682 VIII.
467 3637 532 3702 p.
564 3617 712 3700 786.
752 3616 843 3680 D.
884 3617 1001 3700 χρὴ
1042 3613 1224 3700 γὰρ*
1200 3640 1327 3690 ισως
1362 3618 1462 3678 οὐκ
1496 3617 1746 3682 ἀπιστεῖν
1771 3615 1998 3704 ἀνδράσι
2027 3619 2233 3710 σοφοῖς,
2264 3618 2326 3700 οἳ,

236 3719 297 3796 δὴ
327 3719 487 3800 φασὶ,
516 3717 665 3792 διότι,
684 3727 791 3783 τῶν
824 3719 925 3800 μὲν
962 3717 1245 3805 περιγεῖων
1274 3717 1534 3801 δαιμόνων
1562 3719 1625 3782 τὸ
1653 3721 1916 3787 πλεῖστον
1939 3717 2150 3802 γενέσει
2179 3744 2312 3783 συν·

304 3936 325 3964 ‘²
360 3930 551 3980 Barnes.
587 3941 637 3980 et
674 3931 860 3996 Musgr.
898 3933 1013 3982 Eur.
1050 3901 1251 3981 Bacch}
1394 3935 1417 3962 θ
1451 3933 1544 3982 Sed
1582 3932 1855 3988 conferatur
1895 3928 2095 3978 Pausan.
2131 3927 2198 3976 11.
2239 3936 2319 3988 Μ.

242 4024 356 4064 559.
422 4011 623 4074 Corycia
651 4022 807 4070 antra,
830 4022 885 4060 ut
907 4012 1230 4076 Delphicum,
1329 4010 1604 4072 laudatus,a
1624 4012 1772 4061 Wess‘.
1806 4008 1950 4058 Diod.
1981 4009 2032 4057 S.
2064 4009 2104 4056 1.
2133 4025 2180 4072 p.
2205 4020 2264 4065 ⁴27
2275 4020 2318 4058 1.

154 4118 159 4122 ·
243 4095 399 4143 multa
423 4104 661 4143 memorat
684 4095 882 4142 Pausan.
904 4097 971 4142 X.
996 4105 1076 4144 32.
1330 4095 1530 4143 Pausan.
1565 4095 1632 4142 11.
1666 4103 1744 4142 31.
1782 4107 1828 4154 p.
1857 4101 1968 4140 183.
1998 4102 2110 4141 200.
2175 4089 2319 4138 Conf.

304 4175 325 4208 ‘¹
364 4177 477 4227 565.
512 4177 565 4224 F.
600 4177 731 4224 aava
760 4175 925 4238 μοῦσαι]
970 4177 1229 4226 Herodian.
1332 4172 1550 4223 Hermi'ae
1584 4175 1692 4223 MS.
1727 4173 1893 4221 locum
1931 4185 2009 4234 ap.
2043 4173 2220 4221 Goens.
2259 4171 2318 4220 ad

243 4257 329 4304 lv.
355 4265 405 4315 6,
432 4271 478 4306 4.
502 4269 548 4306 s.
573 4268 649 4309 19.
683 4257 743 4304 V.
766 4269 813 4305 2.
837 4270 884 4309 9.
1002 4327 1008 4343 ι
1256 4249 1261 4256 ’
1332 4258 1508 4320 Porph.
1532 4260 1592 4306 Α.
1613 4256 1679 4303 N.
1703 4267 1778 4304 m.
1801 4270 1848 4318 p.
1873 4265 1980 4303 101.
