2850 4817
571 298 694 374 384
854 295 933 354 n.
973 295 1073 354 w.
1112 293 1508 354 ANMADV.
1549 293 1640 352 m
1679 251 2164 392 pun-anem
2187 293 2350 352 Lm.

573 441 953 520 Plutarchus
982 454 1079 520 vel
1104 453 1231 519 hoc
1258 445 1478 518 libello
1505 450 1646 540 ejus
1679 451 1771 516 rei
1807 451 2132 532 meminit,
2157 465 2230 518 et
2253 449 2465 518 multa
2495 449 2636 514 eol-

566 557 731 645 legit
768 559 832 624 J.
877 554 1159 621 Davissus
1200 553 1284 620 ad
1326 553 1539 618 Cicer.
1584 555 1676 618 N.
1725 553 1811 618 D'.
1858 555 1936 619 L.
1979 555 2104 618 III.
2147 575 2210 618 e.
2249 555 2396 618 16.·
2443 549 2635 639 Quod

566 673 784 726 autem
826 659 1103 737 additur,
1142 657 1492 722 Herculem
1535 655 1858 742 tripodem
1879 656 2224 722 ‘Pheneum
2260 653 2632 741 deportasse,

565 761 1063 849 Apollinemque
1112 771 1492 845 conceptam
1549 758 1672 824 hac
1727 758 1964 844 injuria
2015 758 2172 822 iram
2232 757 2300 820 in
2352 757 2626 820 insontes

567 865 919 928 Pheneatae
972 861 1277 941 effudiffe‚
1326 860 1578 948 eosque'
1615 859 2032 925 inundatione
2085 858 2442 946 perdidiffe,
2488 855 2625 944 ejus

560 973 709 1030 vero
757 964 1029 1029 historiae
1068 963 1233 1028 ratio
1274 983 1405 1028 non
1445 984 1629 1048 aeque
1673 963 1758 1026 est
1795 960 2116 1048 expedita.
2207 960 2484 1046 Condita
2508 959 2622 1023 de-

562 1067 716 1132 inde
758 1067 824 1132 in
871 1066 1013 1154 ejus
1054 1066 1270 1131 locum
1316 1065 1403 1129 est
1439 1087 1604 1131 nova
1645 1063 1961 1144 Pheneus,
2005 1061 2111 1130 cui
2156 1063 2341 1150 ponit
2385 1061 2623 1126 Plutar-

562 1169 727 1234 chus
756 1168 929 1233 idem
959 1165 1290 1254 contigifl'e
1318 1164 1494 1251 quod
1517 1164 1824 1252 antiqu&
1847 1177 1926 1230 ut
1951 1176 2408 1251 argumentum
2433 1163 2626 1226 ducat

562 1271 645 1334 ab
670 1269 966 1334 absurdo.
1034 1270 1337 1334 Ceterum
1370 1269 1454 1332 ab
1481 1289 1562 1331 eo
1589 1281 1878 1356 tempore
1905 1267 1986 1332 ad
2017 1265 2343 1332 Plutarchi
2371 1277 2621 1329 aetatem

562 1369 711 1458 plus
748 1392 943 1456 quam
987 1370 1165 1434 mille
1200 1368 1353 1434 anni
1388 1368 1795 1448 effluxerunt,
1825 1381 1901 1433 ut
1938 1368 2111 1434 τεᾶθ
2140 1367 2354 1432 observ
2341 1381 2424 1432 at
2449 1367 2618 1432 Reis-

558 1473 741 1538 kius·
772 1471 879 1538 sed
908 1473 1133 1552 noster,
1162 1486 1237 1536 ut
1266 1457 1360 1552 fit,
1390 1493 1510 1557 pro
1537 1484 1716 1537 certo
1743 1493 2012 1536 numero
2039 1470 2255 1558 posuit
2279 1469 2617 1534 infinitum.

558 1579 825 1641 —Pro’
794 1574 1154 1654 ανασπίισας,
1184 1572 1403 1638 malim
1434 1573 1784 1657 ἀναρπάσας.

564 1731 571 1742 .
641 1691 795 1762 557.
826 1675 907 1741 C.
948 1675 1295 1761 Συβαρίταις
1330 1671 1394 1738 δὲ
1414 1674 1726 1760 φράζων-ἕ
1729 1677 1920 1762 Ηςας]
1969 1675 2273 1740 Observat
2303 1675 2370 1738 h.
2399 1673 2447 1737 l.
2481 1674 2620 1738 Cel.

560 1779 865 1856 Reiikius,
912 1777 1181 1863 Sybarin
1219 1799 1259 1841 a
1298 1775 1692 1841 crotoniatis
1729 1776 1828 1841 bis
1865 1777 2048 1842 fuiffe
2073 1775 2350 1844 eversam
2377 1776 2484 1842 01.
2511 1777 2616 1842 68.

558 1882 645 1945 A.
681 1901 743 1946 1.
780 1881 1132 1945 restitutam
1176 1879 1281 1946 Ol.
1312 1880 1418 1944 81.
1459 1879 1546 1944 A.
1573 1899 1644 1964 4.
1683 1879 1916 1944 iterum
1955 1879 2230 1944 eversam
2261 1878 2367 1944 Ol.
2401 1879 2500 1964 83.
2530 1879 2615 1968 A.

560 2003 622 2048 1.
680 2005 889 2068 neque
936 1983 1150 2069 postea
1196 1981 1586 2048 restitutamz
1651 1981 1832 2070 eujus
1875 1982 1968 2048 rei
2023 1984 2242 2048 testem
2287 1983 2506 2048 laudat
2550 1984 2617 2048 P.

556 2084 1045 2172 Weffelingium
1088 2083 1171 2149 ad
1212 2084 1485 2150 Diodor.
1516 2084 1647 2150 Sic.
1676 2086 1759 2150 Τ.
1790 2087 1846 2149 I.
1879 2107 1946 2172 p.
1977 2085 2131 2170 483.
2161 2085 2338 2172 sequ.
2431 2087 2621 2151 Cete-

555 2209 701 2252 rum
738 2209 817 2252 ex
852 2187 1112 2272 iis'quae
1140 2186 1508 2251 Athenaeus
1530 2188 1611 2252 L.
1641 2189 1799 2251 XII.
1831 2210 1899 2273 p.
1923 2203 2074 2272 521.
2107 2189 2186 2267 E,
2218 2190 2290 2252 F.
2335 2210 2418 2252 ex
2455 2188 2621 2276 Phy-

552 2289 775 2354 larcho
816 2303 885 2354 et
928 2289 1273 2354 Heraclide
1317 2287 1584 2354 Pontico
1622 2289 1838 2370 refert,
1870 2291 2112 2366 constat.
2136 2292 2179 2355 J
2185 2298 2468 2356 unonem
2495 2293 2624 2378 Sy-

551 2391 773 2457 baritis
810 2392 1117 2456 infensam
1162 2391 1365 2471 fuisse,
1404 2413 1796 2479 quamquam
1839 2406 2105 2480 uterque
2141 2391 2624 2470 diversamunef

550 2507 761 2559 morat
814 2495 1090 2558 causam.
1182 2493 1460 2559 Oracula
1514 2493 1596 2558 de
1649 2517 1874 2560 eorum
1930 2494 2192 2562 interitu
2241 2510 2466 2560 extant
2513 2520 2622 2584 ap.

548 2595 829 2660 eundem
874 2596 1268 2660 Athenaeum
1307 2595 1353 2660 l.
1400 2619 1460 2661 c.
1506 2618 1572 2682 p.
1601 2612 1752 2682 520.
1796 2599 1884 2663 A.
1925 2609 2002 2662 et·-
2035 2597 2364 2665 AElianum
2407 2601 2493 2666 V.
2526 2602 2621 2666 H.

551 2697 1044 2782 111.43.-Sed
1092 2697 1233 2761 haec
1279 2673 1722 2792 Sybaritarum
1764 2722 1864 2764 res
1889 2723 2061 2765 cum
2105 2700 2268 2764 mihi
2308 2723 2624 2788 perquam

435 2793 534 2868 66
548 2800 819 2865 obseura
856 2799 1031 2879 estet,
1068 2788 1281 2864 lucem
1318 2801 1478 2885 petii
1521 2823 1560 2864 a
1595 2800 2047 2880 Valckenario,
2095 2803 2208 2889 qui
2249 2825 2400 2868 ecce
2443 2805 2622 2870 istam

546 2905 707 2972 mihi
749 2904 1090 2993 expromfit
1128 2903 1663 2989 explicationem.
1713 2906 2028 2993 “Triplex
2053 2907 2198 2970 mihi
2223 2908 2471 3002 cauffi
2449 2933 2620 2976 mno-

546 3015 597 3050 “
576 3009 765 3088 ‘tuit‚
810 3031 916 3072 eur
952 3008 1091 3071 Dea
1112 3007 1251 3092 suis
1296 3006 1612 3096 custoribus
1634 3006 1842 3094 fuerit
1887 3008 2068 3073 irata.
2159 3010 2430 3095 Tyranno
2455 3013 2622 3098 steb-

547 3117 593 3151 “
624 3111 770 3190 lato,
822 3111 856 3156 h
872 3133 1063 3173 rerum
1110 3108 1277 3172 illius
1316 3109 1633 3197 participes
1675 3133 1800 3174 cum
1845 3097 2247 3198 eradicqff'ent,
2293 3115 2620 3199 ἀπεστράφη

544 3218 596 3253 “
622 3215 685 3276 τὸ
726 3218 819 3289 τῆς
844 3209 1034 3295 ’Ἤρας
1068 3208 1339 3295 ἄγαλμα,
1368 3210 1498 3298 teste
1527 3210 1848 3290 Heraclide
1871 3213 2120 3276 Pontico
2149 3228 2252 3300 ap.
2281 3213 2506 3278 Athen.
2549 3238 2620 3302 p.
2693 3199 2696 3204 Ι

545 3320 593 3353 “
622 3331 745 3395 521
759 3359 775 3374 .
817 3313 887 3376 F.
906 3347 994 3362 --
1016 3311 1163 3375 Cum
1206 3311 1465 3398 triginta
1507 3312 1828 3378 vicinorum
1879 3312 2350 3378 Crotoniatamm
2393 3314 2624 3402 legatos

542 3421 590 3454 “
615 3413 962 3500 oecidf‘ff'ent,
990 3428 1048 3479 et
1067 3413 1429 3505 prqjemffint.
1451 3417 1751 3483 cadavera
1785 3441 1826 3478 a
1844 3415 2010 3502 feris
2045 3413 2406 3487 dilanianda
2422 3443 2450 3495 ‚-
2495 3419 2624 3484 baec

541 3517 592 3556 “
616 3513 1125 3602 prima-malorum
1150 3516 1289 3606 'ipsi-5
1316 3517 1500 3601 cansa
1515 3515 1708 3603 ῥιψὶ»
1740 3517 1958 3580 dicitur
1993 3517 2322 3598 μηνίσαντος
2361 3526 2460 3582 τοῦ
2493 3522 2619 3584 δαι-

534 3621 590 3664 -“
618 3616 843 3700 μονίοω
869 3618 1263 3705 videruntque
1292 3616 1670 3705 mag-istratus
1697 3621 1900 3682 eadem
1933 3618 2328 3685 nofie'atram
2368 3621 2436 3688 in
2463 3621 2620 3686 civi·

540 3726 799 3784 “.tatem
826 3719 997 3784 bilem
1018 3731 1369 3784 evomentem
1400 3721 1619 3799 Deam,
1649 3723 1806 3809 quod
1824 3721 1970 3784 ibid.
2001 3721 2091 3785 E.
2129 3712 2455 3806 Phylarchi
2481 3733 2620 3788 ve'r-

539 3827 591 3862 “
618 3821 707 3884 bis
748 3834 992 3886 enarrat
1032 3821 1255 3886 Athen.
1344 3821 1471 3902 Sed
1501 3821 1860 3908 gravffma
1907 3824 2084 3910 causa
2135 3823 2364 3887 oraculo
2405 3828 2619 3906 veteri,

537 3928 588 3963 “
616 3925 773 4010 quod
806 3923 1077 3988 exhibent
1110 3925 1335 3988 Athen.
1366 3936 1422 3988 et
1451 3923 1657 4012 Stepb.
1691 3926 1983 4010 Byzant„
2012 3927 2316 4013 praedibta
2331 3925 2490 4012 fhit·
2513 3929 2622 3991 εἷο-ιε

539 4029 589 4063 “
616 4024 894 4106 Junonis„
915 4027 1069 4116 quod
1092 4028 1260 4107 herus
1266 4026 1538 4111 ster-vum,
1568 4025 1631 4090 in
1657 4027 1908 4090 Junonis
1945 4027 2050 4116 qui
2083 4027 2364 4116 templum
2403 4029 2619 4116 confie-

1113 4242 1137 4276 ¹¹
1171 4244 1389 4293 Euflath.
1412 4246 1473 4293 ad
1495 4245 1696 4308 Dionys.
1721 4247 1822 4294 Per.
1845 4262 1894 4309 p.
1915 4253 2030 4302 873.
