2850 4817
567 384 1102 449 QUAEsTloNEs
1141 384 1549 445 ROMANAS.
1592 404 1649 464 p.
1682 384 2111 445 fimf-2481.
2136 386 2218 449 D.
2345 407 2423 469 43

346 555 548 609 natos.
622 546 727 610 De
753 543 984 631 reipsa
1009 542 1150 633 egit
1183 542 1265 608 Is.
1297 543 1717 611 casaubonus
1744 542 2030 615 Exercit.
2058 560 2285 613 contra
2303 548 2432 613 Ba·

297 682 306 687 ·
349 670 502 712 ron.
537 647 724 711 XVI.
756 666 822 732 p.
853 662 1012 731 544.

444 750 594 815 280.
633 750 700 812 F.
731 746 869 833 east]
918 746 1198 813 Gemina
1237 746 1515 813 narratio
1548 748 1634 813 est
1662 746 1987 813 Plutarchi
2024 747 2089 813 in
2122 748 2335 815 Crasso
2362 772 2430 837 p.

351 867 508 937 547.
542 852 620 915 C.
698 850 1017 916 Proverbii
1059 850 1248 915 instar
1287 849 1587 916 adhibuit
1627 850 1936 915 Horatius
1974 851 2109 917 Sat.
2142 852 2197 916 Ι.
2226 870 2293 933 4,
2322 872 2435 939 34.

358 954 474 1019 ubi
503 951 762 1018 videndi
787 952 1206 1038 interpretes:
1235 952 1537 1017 Erasmus
1565 951 1783 1039 Adag.
1812 972 1880 1038 p.
1914 952 2105 1034 1488.
2176 954 2433 1041 Sopho-

359 1056 476 1121 clis
521 1055 728 1131 locus,
783 1077 914 1120 una
957 1054 1082 1119 hac
1123 1054 1507 1120 auctoritate
1550 1054 1877 1141 cognitus,
1919 1076 1960 1119 a
2000 1056 2332 1122 Brunckio
2366 1056 2437 1123 in

360 1158 752 1243 Fragmenta
778 1155 1018 1221 relatus
1045 1156 1132 1221 est
1161 1156 1240 1221 Τ.
1274 1156 1362 1219 ΙΙ.
1394 1176 1464 1242 p.
1492 1175 1602 1241 43.
1694 1156 1771 1219 In
1802 1154 1927 1219 fine
1956 1152 2305 1243 legendum
2332 1160 2435 1221 ἄν·

358 1256 526 1336 τέο-π)
552 1263 672 1346 γὰρ
701 1262 852 1345 αὐτῷ
878 1266 1116 1343 πρῶτος,
1139 1280 1222 1323 ex
1251 1260 1328 1323 E.
1355 1258 1595 1325 Venet.
1625 1256 1805 1323 Voff.
1828 1257 1975 1323 loco
2006 1256 2251 1347 vulgati
2274 1264 2338 1325 ἃ.
2364 1286 2435 1347 γ.

363 1364 526 1436 αυτὸς
553 1387 648 1445 πρ.

442 1484 512 1548 Ρ.
553 1462 703 1529 281.
741 1462 828 1527 A.
871 1460 1014 1547 οβ’.]
1069 1463 1268 1527 Hunc
1317 1484 1567 1528 morem
1607 1459 1961 1549 Augurum
2004 1459 2309 1529 credibile
2350 1462 2439 1529 est

357 1564 762 1628 observatum
789 1562 938 1643 effe,
970 1586 1174 1651 quum
1203 1566 1441 1651 Augur
1441 1562 1681 1650 stlenh’o
1686 1564 1965 1651 surgeret
1980 1590 2004 1629 .-
2044 1560 2221 1651 quod
2246 1562 2437 1650 quale

355 1664 554 1730 fuerit
599 1665 792 1730 docet
832 1667 1046 1731 Festus
1077 1688 1144 1753 p.
1188 1667 1340 1751 508.
1385 1665 1495 1731 cui
1536 1665 1915 1736 adhibeatur
1952 1663 2171 1752 Livius
2206 1665 2295 1731 X.
2322 1684 2435 1747 40.

357 1764 480 1832 De·
499 1767 942 1855 Pythagoricis
973 1767 1277 1856 symbolis
1305 1767 1583 1835 diximus
1610 1767 1693 1834 ad
1718 1767 2010 1833 libellum
2037 1768 2143 1833 Dc
2174 1769 2434 1835 Pueror.
2550 1816 2563 1835 .
2642 1830 2655 1843 ,

361 1869 643 1935 Educat.
675 1891 745 1956 p.
780 1889 883 1936 12.
913 1872 1006 1950 D,
1034 1872 1114 1935 E.

451 1972 600 2040 281.
633 1973 710 2035 B.
741 1971 886 2057 ογ’.]
939 1975 1022 2038 Et
1053 1971 1248 2060 hujus
1275 1970 1543 2037 instituti
1582 1971 1913 2059 singularis
1941 1972 2085 2037 haec
2122 1972 2209 2037 est
2250 1994 2437 2039 men-

359 2074 482 2141 tio.
560 2073 821 2161 Proprie
849 2073 1154 2141 dicuntur
1183 2074 1487 2159 Augures
1516 2075 1596 2137 ἔπ’
1626 2078 1819 2137 οἰωνῶν
1844 2072 2183 2155 καθίζεσθαι·
2216 2086 2285 2139 et
2310 2075 2438 2143 hoc

359 2175 512 2241 loco
540 2174 856 2257 καθίζεσθαι
885 2174 1100 2241 minus
1140 2176 1438 2262 probum,
1456 2173 1730 2239 videtur.
1788 2173 1895 2239 Sic
1925 2172 2205 2239 Romulo
2230 2194 2297 2259 p.
2326 2194 2437 2261 31.

362 2279 421 2341 E
441 2302 460 2341 ε
505 2281 583 2341 τὰ
621 2276 842 2341 πλινθία
871 2275 1253 2361 καθεζομένους
1281 2278 1364 2341 ἐπ’
1391 2280 1583 2341 οἶοονῶν
1607 2274 1951 2363 διαγράφειν.
2008 2277 2097 2341 Et
2122 2297 2273 2341 cum
2298 2276 2439 2341 Da-

337 2378 519 2470 five,
569 2378 849 2444 Camillo
886 2399 955 2464 p.
1005 2392 1152 2463 145.
1199 2380 1294 2443 E:
1335 2386 1591 2465 χρῶνται
1634 2380 1691 2441 δὲ
1728 2382 1879 2463 αὐτῷ
1926 2379 2033 2464 (τῷ
2066 2377 2264 2465 λιτῦφ)
2309 2380 2441 2465 πρὸς

357 2482 466 2553 τὰς
505 2488 614 2543 τῶν
656 2480 907 2545 πλινθίων
947 2485 1296 2575 ὑῃογςαφὰς,
1323 2479 1457 2544 ὅταν
1494 2483 1574 2545 ἐπ’
1600 2480 1769 2567 ὄρνισι
1798 2480 2269 2564 διαμαντευόμενοι
2296 2481 2437 2545 καθ-

361 2578 615 2661 έζωνται.
704 2582 1020 2649 Marcello
1056 2604 1124 2669 p.
1165 2602 1320 2667 300.
1363 2583 1459 2647 Bt
1506 2580 1699 2670 ἅςχοον
1741 2582 1824 2647 ἐπ’
1864 2580 2031 2668 ὄρνισι
2068 2581 2435 2669 καθεζόμενος.

358 2683 470 2748 De
515 2683 790 2749 Solertia
838 2684 1126 2749 Animal.
1179 2705 1246 2771 p.
1294 2687 1445 2771 976.
1496 2684 1595 2750 Ca
1647 2682 2027 2767 καθεζομᾶνους
2067 2684 2147 2749 ἐπ’
2194 2682 2438 2771 ἰχθύσιν,

359 2783 548 2871 ὥσπερ
577 2789 774 2861 οἰωνοῖς
800 2785 1276 2869 διαμαντεύεσθαι.

457 2887 604 2954 281.
644 2889 734 2951 D.
776 2868 902 2973 08²]
953 2886 1194 2955 Similis
1239 2884 1519 2951 narratio
1562 2887 1649 2951 est
1695 2885 2017 2953 Plutarchi
2058 2888 2243 2973 supra
2286 2901 2437 2973 273.

364 2988 448 3053 B.
477 3001 544 3053 et
570 2989 676 3053 De
704 2992 986 3054 Fortuna
1015 2981 1216 3055 Rom.v
1236 3008 1304 3074 p.
1333 3006 1485 3073 321.
1517 2989 1595 3051 E.
1623 2988 1753 3075 seq.
1818 2989 1925 3053 De
1948 2987 2171 3051 multis
2200 2986 2439 3055 diverso

365 3091 633 3156 nomine
677 3094 977 3157 Fortunae
1022 3089 1310 3176 templiss
1326 3111 1365 3152 a
1407 3090 1627 3155 Servio
1670 3110 1823 3177 rege
1870 3087 2249 3167 constitutis,
2292 3087 2441 3155 satis

368 3194 652 3272 constat3
698 3191 782 3258 de
824 3192 1059 3280 quibus
1101 3204 1170 3256 et
1207 3180 1460 3256 caeteris'
1486 3192 1647 3257 Deae
1677 3188 1935 3278 templis
1962 3210 2038 3255 ac
2062 3188 2267 3256 titulis
2306 3190 2445 3279 egit

367 3298 449 3361 L.
482 3294 806 3383 Gyraldus
834 3294 999 3360 Hist.
1030 3296 1230 3359 Deor.
1262 3294 1606 3381 Syntagm.
1638 3294 1823 3359 XVI.
1848 3295 1924 3357 B.
1973 3292 2317 3359 Briffonius
2337 3296 2443 3361 De

369 3400 588 3463 Form.
620 3399 677 3462 I.
709 3397 817 3461 86.
847 3395 978 3483 seq.
1061 3395 1527 3481 plerarumque,
1548 3416 1677 3459 non
1709 3394 1859 3459 alibi
1884 3394 2195 3459 memoria
2222 3396 2441 3463 exstat.

373 3500 711 3563 Fortunam·
727 3500 1004 3577 Brevem,
1051 3520 1204 3563 cum
1235 3496 1374 3585 Segia
1401 3510 1471 3561 et
1500 3496 1664 3561 Fam·
1693 3519 1837 3584 quae
1862 3497 1950 3561 est
1988 3496 2161 3583 apud
2190 3496 2443 3571 Livium

371 3602 461 3667 X.
491 3603 602 3684 46.
639 3600 937 3667 confudit
979 3599 1356 3666 Harduinus
1397 3597 1484 3663 ad
1528 3592 1811 3665 Plinium¹
1845 3601 1937 3665 H.
1981 3590 2088 3663 N.
2124 3598 2444 3665 XXXVI.

369 3704 482 3786 46.
564 3705 641 3767 In
669 3702 1122 3769 emendatione
1147 3700 1324 3791 quod
1350 3699 1617 3789 ponitur
1638 3702 1719 3788 τῷ·
1744 3704 1899 3787 παρὰ
1925 3701 2117 3785 μικρὸν
2145 3720 2263 3785 pro
2286 3699 2444 3769 τὰπ.

372 3830 442 3887 μ.
473 3804 758 3890 perverse
784 3804 1061 3893 pofitum
1089 3804 1218 3884 est3
1263 3824 1414 3869 nam
1450 3802 1593 3867 haec
1621 3800 1897 3869 mutatio
1926 3799 2205 3867 debebat
2230 3797 2449 3869 referri

377 3905 461 3971 ad
499 3906 768 3995 sequens
803 3904 884 3969 ὅτι
911 3910 992 3992 τῷ·
1021 3904 1298 3993 γενέσθαι,
1335 3902 1511 3990 quod
1551 3902 1721 3969 reae
1757 3924 1875 3989 pro
1902 3900 1984 3967 ὅτι
2010 3902 2077 3965 τὸ
2102 3926 2169 3987 γ.
2203 3900 2449 3969 notavit

378 4008 563 4073 Mez.
638 4010 760 4072 Pro
805 4007 1078 4095 ἰξευτηρία
1117 4006 1372 4094 praestat
1413 4008 1655 4093 ἲξεύτρια
1693 4026 1847 4070 cum
1890 4002 2219 4089 Stephano
2255 4000 2447 4067 Thes.

377 4110 458 4175 L.
492 4111 609 4175 Gr.
639 4110 720 4173 T.
752 4111 808 4173 I.
836 4131 906 4197 p.
939 4130 1129 4199 1941.
1155 4132 1235 4175 ex
1264 4110 1531 4174 Fortun.
1563 4110 1753 4175 Rom.
1784 4128 1853 4193 p.
1881 4121 2034 4191 322.
2066 4104 2139 4169 F.
2166 4102 2282 4169 ubi
2308 4102 2450 4169 vide

384 4222 610 4283 notata
637 4211 864 4277 nostra.
