2850 4817
590 398 666 473 ³⁸
867 394 946 452 n.
987 390 1086 449 W.
1126 388 1521 449 ANmmv.
1562 389 1651 447 m
1693 386 2164 447 PLUTAncm
2206 386 2367 447 Lm.

585 555 771 620 locus
823 550 1019 617 Festi=
1076 548 1280 616 Malis
1320 548 1681 614 celebrantur
1720 546 1852 611 ludi
1870 546 1944 625 ‚in
1974 547 2137 625 Circo
2162 548 2413 611 maximo
2438 546 2675 637 Confic-

585 654 775 720 alibus
789 680 818 733 ,-
862 653 1003 743 quia
1043 652 1113 716 id
1142 676 1327 740 genus
1369 652 1814 741 quadrupedum
1851 649 2103 739 primum
2140 662 2387 739 putatur
2420 662 2677 739 coeptum

584 757 777 821 emrus'
801 755 1165 845 vehiculoque
1185 750 1461 843 adjungi.

673 860 823 943 276.
856 858 938 922 C.
967 856 1057 942 μθ(
1066 861 1110 945 .]
1164 857 1480 923 Geminus
1514 856 1602 922 est
1644 855 1825 921 locus
1864 854 2189 920 Plutarchi
2216 854 2279 919 in
2314 854 2675 921 Coriolano

586 981 656 1047 Ρ.
697 979 844 1078 219.
876 962 957 1035 F.
1047 959 1273 1025 Minus
1316 958 1489 1025 reae
1531 958 1799 1023 vertitur
1826 980 1865 1023 a
1899 956 2233 1045 Xylandro
2260 970 2327 1021 ut
2354 959 2453 1022 hoc
2480 956 2679 1046 abque

585 1064 733 1151 togis
775 1065 840 1128 in
879 1052 1098 1149 indffo
1117 1062 1412 1150 facerent,
1450 1060 1634 1151 quod
1679 1058 2075 1125 reddendum
2114 1074 2273 1140 erat,
2301 1073 2369 1123 ut
2394 1061 2496 1124 boc
2495 1062 2681 1147 ‚stuc

587 1166 802 1247 tunica,
827 1165 890 1229 in
910 1178 1045 1252 toga
1051 1164 1346 1251 facerent
1391 1161 1783 1228 Meziriacus
1806 1161 2135 1226 annotavit
2154 1160 2675 1247 παραγγέλλοντας

586 1273 790 1357 ἀρχὴν,
810 1280 1062 1355 petentes
1091 1264 1517 1353 magistratum,
1547 1285 1666 1350 pro
1692 1290 1757 1328 π.
1787 1262 1955 1363 ᾅρχει
1958 1288 2008 1327 ν.
2097 1264 2264 1329 Sane
2292 1263 2455 1330 illud
2482 1264 2675 1329 usur·

587 1386 769 1460 pant,
800 1394 929 1436 non
958 1371 1109 1437 hoe.
1173 1369 1280 1435 Sic
1313 1366 1738 1434 Plutarchus
1720 1389 1787 1431 1n
1816 1366 1991 1432 Vitis
2022 1387 2089 1453 p.
2125 1386 2268 1433 102.
2295 1368 2430 1431 Ε.
2404 1368 2682 1431 υκαι-ρίαν

519 1479 528 1485 ’
586 1471 1118 1561 -παραγγὲλλειν.
1167 1487 1315 1557 254.
1352 1471 1441 1535 A.
1467 1471 1635 1552 1408.
1674 1470 1755 1533 A.
1799 1489 1950 1556 409.
1979 1470 2057 1532 E.
2104 1470 2253 1551 646.
2280 1470 2361 1533 Ε.
2408 1470 2559 1553 718.
2590 1471 2675 1535 B.
2756 1490 2781 1508 ⁰

581 1592 741 1662 774.
773 1576 855 1641 C.
902 1578 1050 1661 783.
1083 1573 1164 1639 C.
1214 1574 1362 1660 839.
1397 1574 1481 1637 Ε.
1526 1570 1829 1636 Aristides
1856 1572 1935 1636 T.
1966 1573 2025 1636 I.
2055 1593 2124 1660 p.
2146 1572 2257 1657 58.
2345 1571 2558 1659 Igitur
2600 1572 2673 1636 in

589 1670 714 1742 hac
761 1676 894 1762 ipsa
941 1674 1304 1763 Quaestione
1347 1674 1434 1737 ἰπὶ
1474 1677 1577 1748 τὰς
1620 1671 1994 1757 ἐπαγγελίας,
2036 1672 2388 1759 legendum
2431 1674 2517 1735 ἐπὶ
2562 1676 2675 1748 τὰς

487 1791 500 1806 ’
587 1777 1009 1868 παραγγελίας,
1039 1773 1345 1863 fiquidem
1377 1775 1617 1863 syllaba
1642 1779 1710 1837 ἐπ
1737 1797 1816 1840 ex
1842 1774 2264 1839 antecedente
2292 1774 2387 1858 ἐπὶΙ
2407 1774 2675 1855 exstitit,

591 1881 701 1969 qui
754 1882 840 1945 est
887 1879 1188 1965 frequens
1207 1898 1519 1967 'errorum
1569 1875 1714 1941 fons
1730 1900 1759 1940 z·
1799 1876 1901 1941 Ita
1940 1874 2311 1964 παραγγελία
2352 1875 2437 1940 est
2467 1876 2677 1964 petitio

591 1983 839 2066 muneris
867 1980 1093 2047 Vitios.
1127 1979 1358 2046 Pudor.
1385 2000 1455 2065 p.
1486 1994 1639 2064 535.
1672 1979 1748 2043 B.
1802 1977 1939 2045 Vit.
1974 1992 2121 2064 259.
2152 1980 2229 2043 E.
2273 1996 2427 2064 345.
2458 1977 2543 2057 C,
2572 1978 2671 2044 D.

567 2099 746 2181 ⁸552.
775 2085 863 2149 A.
910 2081 1060 2171 778.
1093 2086 1167 2149 F.
1215 2083 1363 2167 781.
1395 2086 1476 2148 E.

683 2188 834 2272 276.
865 2187 953 2250 D.
983 2184 1079 2269 v‘.]
1129 2184 1380 2249 Gellius
1403 2184 1494 2247 X.
1532 2197 1636 2267 15.
1665 2202 1745 2246 ex
1772 2180 2077 2247 Maffurio
2109 2180 2379 2246 Sabino=
2422 2179 2678 2245 Flamen

595 2285 1191 2369 Dialis-uxoremfi
1213 2284 1425 2369 amisit,
1435 2281 1715 2369 flaminio
1742 2282 1978 2346 decedit.
2040 2281 2491 2357 Matrimonium
2517 2282 2674 2347 Fla-

595 2389 765 2453 minis
804 2387 919 2472 nili
957 2399 1130 2449 morte
1171 2385 1367 2449 dirimi
1406 2408 1519 2447 non
1560 2380 1638 2468 ⁴st
1653 2384 1787 2472 jus.
1876 2384 2175 2450 Flaminis
2215 2384 2421 2450 Dialis
2462 2387 2671 2467 uxori,

445 2494 451 2500 ’
497 2534 515 2554 ·.
595 2487 987 2565 Flaminicae,
1018 2485 1447 2573 quarumdam·
1484 2486 1873 2573 religionum
1900 2507 2121 2551 curam
2151 2486 2529 2552 attributam
2563 2488 2672 2553 fu-

595 2588 726 2669 iffe,
763 2600 995 2677 ‘notum
1040 2588 1147 2651 est.
1238 2585 1415 2651 Faffi
1458 2586 1576 2652 sub
1619 2587 1996 2654 Domitiano
2038 2588 2369 2676 singularis
2406 2589 2549 2655 haec
2584 2591 2676 2655 est

599 2689 934 2757 memoria.
1023 2688 1299 2754 Censore
1341 2688 1545 2754 altero
1588 2701 1871 2770 mortuo,
1901 2689 2176 2755 alterum
2218 2714 2476 2778 quoque
2519 2714 2675 2758 cen-

601 2794 745 2860 sura
785 2792 851 2858 se
891 2790 1186 2857 abdicare
1227 2789 1534 2869 debuiffe,
1565 2790 1958 2857 documento
1988 2791 2137 2857 sunt
2158 2792 2288 2859 loci
2312 2794 2671 2860 Veterum=

599 2894 764 2961 Livii
789 2895 876 2959 V.
905 2913 1014 2979 31.
1043 2894 1164 2958 VI.
1197 2910 1302 2977 27.
1335 2893 1456 2957 ΙΧ.
1485 2913 1593 2979 34.
1652 2892 1869 2981 Hujus
1902 2893 2297 2959 Plutarcheae
2324 2894 2673 2968 mention-,is

600 2994 981 3061 amaenitate
1023 2994 1352 3059 censuram
1391 2993 1641 3059 AEmilii
1684 2993 1905 3060 Scauri
1942 3007 2011 3059 et
2038 2994 2201 3060 Livii
2230 2996 2413 3060 Drufi
2452 2996 2679 3063 retulit

603 3096 778 3162 inA.
795 3098 886 3161 U.
905 3096 1281 3162 DCXLIV.
1314 3096 1835 3182 PighiusAnnal.
1858 3097 2047 3185 Mag.
2080 3098 2158 3163 R.
2177 3098 2255 3163 T.
2283 3097 2407 3164 III.
2433 3119 2502 3184 Ρ.
2526 3102 2676 3168 126.

601 3200 864 3265 Nomen
898 3198 1113 3277 Τηίος
1095 3221 1162 3262 1n
1207 3187 1509 3263 omnibus
1553 3199 1639 3262 est
1680 3196 1856 3263 libris
1899 3210 2171 3285 excepto
2208 3202 2392 3283 Mea.
2422 3212 2488 3265 et
2518 3202 2677 3290 Xyl.

604 3302 719 3388 qui
745 3324 825 3366 ex
851 3300 1112 3388 ingenio
1137 3302 1304 3378 ’ίΑτη
1279 3326 1353 3375 ος
1379 3300 1819 3386 reposuerunt.
1892 3302 2101 3389 Αἰήτα
2122 3303 2336 3391 Capito
2358 3303 2673 3391 fignifica-

605 3416 736 3481 tur,
781 3415 857 3467 ut
886 3400 1139 3489 judicat
1179 3403 1431 3468 Voffius
1471 3402 1577 3467 De
1621 3402 1783 3467 Hist.
1831 3404 1977 3469 Lat.
2022 3404 2079 3469 Ι.
2118 3423 2225 3471 21.
2302 3406 2419 3471 Pro
2462 3409 2677 3496 §raffau
2794 3482 2803 3497 .

606 3502 788 3569 Mez.
819 3502 995 3569 haud
1023 3502 1191 3568 male
1217 3502 1547 3569 annotavit
1573 3501 1771 3591 ἕτερον.

627 3652 634 3658 -
695 3605 842 3688 276.
880 3606 960 3669 Ε.
997 3603 1130 3691 vast]
1191 3603 1453 3670 Ovidius
1498 3604 1655 3669 Fast.
1690 3604 1778 3669 V.
1824 3622 1968 3691 129.
2016 3603 2145 3693 seq.
2188 3606 2677 3672 accommodate

609 3704 742 3771 fere
777 3706 929 3772 huic
955 3707 1328 3796 Quaestioni.
1415 3708 1521 3771 De
1550 3705 1886 3793 Chrysippi
1914 3706 2165 3793 placito
2182 3708 2442 3775 subinde
2469 3708 2681 3796 loqui-

468 3878 480 3890 „
609 3819 720 3872 tur
746 3806 1122 3873 Plutarchus
1149 3810 1252 3873 De
1279 3807 1426 3873 Ifid.
1457 3819 1526 3871 et
1555 3808 1712 3872 Ofir.
1741 3829 1806 3895 p.
1832 3812 1985 3895 360.
2017 3812 2106 3875 D.
2150 3810 2257 3876 De
2290 3812 2487 3876 Orac.
2520 3813 2677 3878 Def.

608 3926 762 4074 39.
794 3910 881 3973 A.
930 3911 1035 3977 De
1063 3908 1335 3975 Stoicor.
1365 3910 1665 3995 Repugn.
1702 3924 1891 3995 1051.
1922 3910 2008 3991 C,
2034 3912 2125 3977 D.
2168 3915 2372 3999 Λαςῶν
2396 3912 2681 3979 malebat

693 4030 796 4075 ez.

698 4131 767 4198 p.
796 4124 942 4195 277.
979 4109 1065 4175 A.
1102 4106 1186 4187 νβ’
1192 4110 1238 4195 .]
1289 4107 1556 4173 Mamm
1586 4109 1867 4175 Genetam
1892 4110 2051 4177 dicit
2078 4134 2221 4181 eam
2249 4136 2445 4200 quam
2472 4114 2678 4179 varro

392 4170 448 4289 ’κ’
553 4294 566 4311 ,
612 4208 720 4276 De
761 4211 956 4299 Ling.
1001 4212 1147 4276 Lat.
1189 4210 1384 4276 VIII.
1421 4231 1489 4297 p.
1534 4230 1678 4297 113·
1728 4226 1795 4276 et
1838 4212 2214 4281 Macrobius
2252 4215 2393 4279 Sat.
2427 4214 2483 4277 1.
2516 4228 2580 4297 7.
2609 4234 2674 4300 Ρ.

619 4330 768 4395 220,
799 4331 952 4382 221.
989 4311 1277 4379 Maniam
1295 4314 1503 4407 ¹Deam
1528 4326 1769 4380 matrem
1795 4315 2072 4391 Lamon.-
2102 4315 2411 4409 Appoiite
2439 4314 2675 4383 Plinius
