2850 4817
621 356 738 417 nn
775 352 995 417 lsmn
1031 356 1138 415 ET
1177 356 1531 417 osunnn.
1572 360 1635 437 p:
1660 370 1797 435 ³55·
1822 357 1903 417 n.
2179 363 2289 439 ss,
2326 364 2335 373 ·

196 519 390 579 αὐτῶν
417 542 494 581 τε
523 517 622 579 καὶ
647 516 760 579 ἑῶυ
781 514 1136 603 πραγμάτων
1169 516 1469 595 διάληψιν(
1541 514 1737 583 Alias·
1756 516 2041 599 εὐσεβείας
2065 517 2299 585 defini-

195 615 432 681 tiones·
455 615 616 681 alibi
640 616 1054 705 attingimus.

279 735 324 800 3
329 730 376 801 5
375 732 454 801 5.
480 717 570 781 D.
613 714 866 803 Λέγεται
893 717 950 779 δὲ
979 720 1008 779 ὁ
1035 716 1312 803 μῦθος-ἦ
1361 715 1603 783 Fabula
1626 738 1759 783 non
1782 737 1969 813 ,mere
1994 714 2297 805 allegori-

197 841 302 895 ca,
333 832 420 884 ut
447 819 794 885 contendit
828 818 1234 885 Jablonssrius
1265 820 1497 885 Panth.
1524 820 1686 907 AEg.
1720 821 1789 885 P.
1821 822 1878 885 Ι.
1908 842 1975 907 p.
2006 838 2151 907 143.
2192 820 2299 887 sed

199 921 289 984 est
317 935 394 986 et
426 906 731 987 historica
755 933 824 986 et
853 920 1224 1008 allegorica.
1309 922 1793 1009 Argumentum
1822 936 1895 989 et
1928 921 2095 1009 quasi
2140 920 2296 987 fun-

205 1020 604 1089 damentum
655 1024 742 1089 est
789 1021 1154 1089 historicum
1183 1047 1200 1087 ε
1247 1022 1382 1089 duo
1423 1022 1603 1111 paria
1644 1045 1871 1111 regum
1914 1023 2197 1111 fratrum
2232 1036 2303 1089 et

203 1123 579 1213 conjugum
625 1124 1024 1191 vetustiffima
1061 1126 1234 1191 fama
1275 1124 1699 1191 traditorum:
1744 1124 2019 1191 alterum
2056 1125 2301 1191 benefi-

211 1246 396 1306 cum,
433 1226 620 1312 Qfiris
645 1239 718 1292 et
741 1226 846 1311 Ifis
863 1251 888 1289 τ
929 1248 1154 1291 eorum
1193 1226 1229 1289 fi
1236 1224 1360 1291 lius
1389 1226 1595 1291 Hor-us
1616 1252 1639 1291 .·
1680 1225 1953 1291 alterum
1984 1225 2110 1291 illis
2136 1246 2301 1293 con·

213 1329 496 1395 trarium
525 1342 592 1396 et
621 1328 980 1407 inimicum,
1009 1327 1398 1409 maleficum,
1427 1329 1669 1418 Typhon
1692 1342 1763 1395 et
1788 1328 2089 1417 Nepbthys
2110 1354 2131 1393 .·
2176 1328 2305 1398 alia

215 1429 416 1497 etiam
463 1432 728 1497 numina
751 1431 878 1498 illis
912 1430 1080 1497 socia
1099 1456 1118 1495 ε
1165 1453 1441 1517 quorum
1471 1432 1779 1517 personae,
1810 1452 1936 1511 res,
1967 1430 2157 1509 facia,
2188 1452 2303 1517 per

217 1533 638 1622 allegoricam
687 1532 1284 1620 interpretationem
1327 1532 1411 1599 ad
1454 1533 1737 1623 regionis
1772 1532 2051 1622 AEgypti
2104 1546 2299 1599 natu-

220 1654 383 1713 ram,
406 1635 700 1713 fluvium,
724 1634 990 1714 coelum,
1011 1634 1609 1701 accommodantur.
1657 1635 2059 1711 Plutarchus,
2082 1655 2305 1719 quam·

221 1736 310 1800 vis
333 1737 571 1803 fabulae
599 1736 912 1827 partibus,
934 1748 1012 1801 ut
1029 1736 1142 1815 ait,
1167 1736 1356 1801 nimis
1379 1736 1857 1824 supervacaneis
1880 1748 1949 1801 et
1967 1735 2303 1801 inutilibus

227 1834 488 1918 omiffiS,
523 1854 738 1904 tamen
780 1839 848 1904 in
893 1838 1018 1904 hoc
1061 1838 1204 1926 ejus
1245 1838 1635 1925 compendio
1675 1861 1819 1903 eam
1860 1838 2113 1925 copiam
2154 1838 2303 1903 dili-

228 1942 646 2028 gentiamque
691 1942 934 2021 retulit,
973 1956 1048 2006 ut
1089 1940 1196 2007 hic
1241 1964 1408 2009 unus
1454 1941 1523 2007 in
1562 1954 1847 2006 veterum
1896 1940 2077 2005 libris
2120 1940 2305 2009 nobis

232 2044 426 2109 exstet
471 2045 654 2111 locus
691 2044 864 2109 unde
903 2043 1030 2109 hoc
1065 2057 1521 2131 argumentum
1552 2043 1699 2109 satis
1726 2042 1955 2109 diserte
1982 2041 2303 2109 distin&e·

203 2162 356 2231 'que
419 2145 902 2234 cognoscamus.
989 2146 1162 2209 Nam
1215 2145 1330 2231 qui
1383 2144 1527 2231 ej'us
1577 2143 1891 2209 rationem
1941 2144 2307 2211 habuerunt

236 2246 339 2312 alii
389 2248 522 2313 duo
573 2246 933 2334 scriptoreS,
984 2246 1310 2333 Diodorus
1355 2246 1486 2311 Sic.
1536 2248 1591 2311 1.
1632 2264 1904 2332 13—22.
1950 2266 2047 2309 res
2094 2244 2307 2323 civiles

231 2363 300 2414 et
341 2350 603 2417 bellicas
647 2349 1042 2436 persequitur
1084 2347 1364 2427 Ofiridis,
1411 2348 1665 2415 obitum
1712 2361 1780 2413 et
1822 2347 1994 2415 sacra
2033 2348 2309 2415 breviter

217 2446 632 2540 perstringit:
683 2452 978 2540 Synefius
1022 2449 1088 2515 in
1131 2450 1293 2517 libro
1331 2452 1433 2515 De
1472 2450 1885 2529 Providentia,
1914 2449 1999 2515 de
2024 2449 2145 2515 hac
2174 2450 2337 2537 ipss'

240 2553 546 2641 majorem
597 2566 842 2641 partem
896 2552 1399 2639 philosophatur,
1441 2551 1610 2617 fasta
1650 2564 1718 2617 et
1759 2551 1977 2619 casum
2025 2551 2309 2633 Osiridis,

243 2655 318 2721 ad
359 2656 792 2724 calamitatem
827 2654 1447 2741 conversionemque,
1472 2654 1584 2719 sua
1624 2666 1815 2719 aetate
1840 2644 2144 2742 AEgypto
2165 2654 2305 2719 illa-

241 2771 394 2836 tam,
433 2757 905 2846 significandam
950 2755 1265 2821 transtulit
1295 2768 1493 2843 atque
1526 2754 1917 2835 immutavit,
1946 2776 2209 2823 arcanas
2238 2772 2309 2823 et
2371 2832 2377 2837 .

243 2861 530 2948 mysticas
550 2860 786 2926 fabulae
810 2870 1024 2946 partes
1051 2856 1548 2944 praetermittens
1577 2880 1639 2919 v,
1664 2866 1724 2922 c‘.
1753 2878 1818 2941 p.
1847 2876 1990 2922 110.
2016 2858 2109 2923 D.
2160 2873 2306 2943 115.

245 2961 319 3029 C.
370 2982 516 3049 123.
548 2963 627 3028 C.
675 2961 760 3027 de
795 2961 994 3047 iisque
1025 2957 1473 3024 Herodoteum
1500 2957 1749 3041 εὔστομα
1776 2958 1977 3023 κείσθω
2000 2956 2309 3043 objiciens

249 3087 306 3151 p.
339 3086 486 3147 124.
515 3066 604 3129 A.
675 3063 1064 3129 Conferatur
1104 3060 1509 3127 Jablonskius
1554 3061 1786 3127 Panth.
1826 3061 1987 3146 AEg.
2032 3061 2103 3125 P.
2150 3062 2204 3125 I.
2241 3084 2310 3149 p.

249 3186 388 3255 205.
463 3168 792 3233 Caeterum
835 3188 916 3231 ex
957 3165 1084 3231 hoc
1127 3163 1537 3252 AEgyptiacae
1576 3162 1952 3227 narrationis
1996 3162 2313 3251 principio
2414 3247 2423 3254 ο

249 3269 566 3345 traductos
601 3268 908 3357 quosdam
954 3266 1132 3333 locos
1169 3266 1234 3331 in
1274 3266 1655 3331 Graecorum
1682 3264 2105 3354 mythologiis
2135 3266 2311 3347 ferri,

251 3372 476 3459 cuique
503 3384 750 3437 attente
774 3369 1016 3458 legenti
1042 3369 1268 3455 sponte
1293 3378 1613 3432 occurret.
1849 3457 1854 3461 Π

324 3496 362 3561 3
365 3496 405 3562 5
405 3490 478 3560 5.
507 3476 595 3539 D.
645 3478 758 3549 Τῆς
797 3470 1274 3555 Ῥέας--ἇγουσι]
1326 3467 1541 3533 Graeci
1580 3468 1729 3533 sunt
1766 3466 1857 3533 dii
1894 3469 2211 3535 Saturnus
2244 3483 2316 3535 et

251 3578 446 3657 Rhea,
479 3596 752 3663 quorum
793 3572 1004 3639 neutri
1033 3571 1422 3660 AEgyptium
1460 3592 1703 3635 numen
1732 3592 1939 3635 unum
1966 3583 2037 3636 et
2062 3584 2338 3640 certum⁶

217 3661 230 3685 ⁸
249 3680 428 3767 plane
475 3676 838 3765 respondet,
881 3676 988 3740 sed
1030 3675 1216 3763 plura
1238 3673 1482 3761 partim
1526 3684 1593 3738 et
1634 3672 2116 3761 quodammodo
2152 3698 2313 3741 con·-

247 3795 511 3870 gruunt.
602 3781 796 3846 Certe
832 3791 1126 3867 parentes
1153 3777 1245 3842 illi
1271 3776 1541 3845 deorum
1570 3798 1609 3841 a
1634 3776 1879 3843 Graecis
1906 3779 2221 3847 Saturnus
2248 3792 2317 3845 et

252 3885 430 3951 Rhea
474 3881 814 3961 nominati,
855 3880 939 3945 ab
981 3880 1201 3945 iisdem
1244 3879 1414 3944 hanc
1450 3878 1833 3966 AEgyptiam
1885 3877 2167 3943 fabulam
2210 3877 2315 3941 in·-

251 3981 770 4072 terpr'et'antibus,
797 4004 948 4047 cum
975 3980 1229 4047 duobus
1257 3980 1322 4045 in
1351 4002 1431 4047 ea
1458 3979 1707 4047 traditis
1734 3978 2104 4045 numinibus
2134 3998 2317 4043 com·-

251 4085 558 4153 municati
586 4085 754 4150 sunt.
836 4082 1130 4159 Indidem
1165 4081 1360 4148 Rheae
1387 4081 1673 4169 quinque
1704 4094 1923 4168 partus
1948 4078 2145 4145 refert
2177 4078 2322 4149 Plu-

255 4190 508 4257 tarchus
552 4191 656 4255 De
701 4189 892 4257 Orac.
946 4187 1201 4255 Defe&.
1250 4210 1316 4273 p.
1349 4206 1505 4273 429.
1548 4189 1635 4251 F=
1688 4188 1789 4263 τὴν
1824 4184 1981 4247 Ῥέαν
2022 4181 2321 4269 Αἰγῦπτιοι

253 4296 620 4380 μυθολογοῦσι
661 4289 820 4357 πέντε
863 4283 1003 4366 θεοὺς
1043 4290 1241 4369 τεκεῖν,
1273 4288 1627 4371 αἰνιττόμενοι
1660 4292 1759 4367 τὴν
1798 4292 1859 4352 ἐκ
1893 4290 2025 4368 μιᾶς
2052 4284 2187 4365 ὅλης
2212 4293 2321 4365 τᾷν
