2850 4817
586 405 699 462 124
880 387 959 444 D.
1002 385 1097 444 W.
1137 385 1532 446 ANIMADV.
1574 386 1665 444 IN
1707 383 2377 458 PLUTARcm-LIB.

563 545 765 634 pinxit
810 556 866 608 et
889 543 1330 624 ‘Alexandrum
1374 543 1684 630 BIagnum
1703 541 1953 629 fulmen
1999 555 2278 608 tenentem
2320 542 2390 606 in
2437 543 2649 630 templo

577 647 847 734 Ephesus
885 646 1141 726 Diana,
1179 645 1404 732 viginti
1447 644 1686 708 talentis
1707 670 1728 708 .·
1774 645 1877 708 Fr.
1906 644 2137 712 Junius
2167 643 2484 730 Catalogo
2508 644 2646 724 Are

458 747 461 754 ’
576 748 820 814 tificum
849 770 915 835 p.
939 767 1044 819 2ο.

658 871 739 938 33
744 865 810 936 5
845 851 920 914 Β.
964 849 1367 935 Λυσίππου-ἦ
1423 842 1800 914 Plutarchus
1843 847 1981 913 Vit.
2026 847 2216 912 Alex.
2262 871 2334 936 p.
2370 851 2514 914 666.
2555 849 2640 912 Α.

456 949 471 1012 ἰ
557 949 987 1022 Alexandria
962 951 1213 1038 Ἰγιιλισές
1250 957 1349 1014 τοῦ
1388 950 1678 1036 τραχήλου
1721 961 1946 1014 notata
1971 971 2037 1037 Ρ.
2065 969 2169 1036 53.
2210 949 2292 1014 C.
2368 949 2656 1014 Tzetzes⁴

580 1053 857 1121 Chiliad.
888 1054 1009 1116 XI.
1032 1053 1183 1138 368.
2161 1090 2175 1106 .

488 1137 503 1149 ⁸
609 1170 808 1242 -335.
838 1157 916 1220 B.
949 1157 1317 1240 Αὖδσισοῦντι]
1368 1155 1484 1220 Or.
1515 1155 1570 1218 I.
1600 1177 1668 1242 p.
1697 1115 1849 1240 331.
1878 1154 1996 1218 A!

657 1279 695 1344 3
702 1277 739 1344 3
743 1271 811 1342 5
840 1258 919 1321 B.
948 1255 1107 1339 μόνον
1130 1256 1220 1320 Ad
1220 1281 1417 1320 σεππον
1392 1257 1445 1340 ν]
1497 1255 1576 1320 Id
1604 1256 1689 1322 est
1689 1255 1923 1346 ,solum
1953 1255 2097 1342 Lys
2069 1269 2266 1343 ppum
2268 1255 2514 1340 statuas
2517 1255 2642 1342 fa-

574 1385 717 1445 cere.
805 1360 977 1423 Nam
1021 1357 1192 1424 idem
1235 1359 1566 1446 proprium
1610 1381 1846 1424 munus
1889 1358 1954 1422 in
1998 1357 2248 1445 pictura
2288 1357 2533 1444 Apelli,
2576 1372 2644 1422 et

570 1465 651 1547 in,
680 1461 1005 1548 sculptura
1045 1459 1370 1547 Pyrgoteli
1412 1459 1664 1540 tribuit,
1697 1474 1772 1524 ut
1802 1461 1888 1524 est
1915 1458 2091 1546 apud
2123 1459 2398 1524 Plinium
2427 1461 2524 1524 H.
2553 1461 2641 1524 N.

570 1568 729 1632 VII.
773 1566 891 1628 28:
953 1565 1117 1640 Idem
1170 1563 1263 1626 hic
1312 1562 1628 1650 imperator
1681 1562 1888 1642 edixit,
1930 1586 2005 1625 nc
2055 1562 2186 1650 quis
2234 1562 2418 1650 ipsum
2465 1561 2642 1640 alius,

572 1692 755 1756 quam
795 1664 1061 1755 Apelle-5,
1099 1664 1374 1752 pingeret
1391 1690 1411 1728 .·
1467 1689 1647 1753 quam
1681 1663 2062 1752 Pyrgoteles,
2085 1663 2380 1756 sculperet
2401 1689 2422 1727 .·
2465 1689 2642 1752 quam

572 1771 856 1858 Iyſsppus
884 1790 958 1832 ex
979 1770 1106 1830 'aere
1133 1767 1363 1830 duceret
1381 1791 1402 1829 .·
1450 1765 1817 1830 conferatur
1843 1765 1926 1830 de
1952 1765 2164 1852 priore
2191 1765 2547 1848 XXXVII.
2575 1784 2640 1848 4.

572 1873 669 1943 At
697 1871 827 1936 duo
853 1866 1149 1957 postremi
1178 1866 1595 1933 nominantur
1622 1866 1736 1940 soli
1762 1868 1844 1932 ab
1871 1867 2048 1932 aliis:
2097 1865 2296 1950 veluti
2332 1867 2642 1932 Cicerone

572 1977 702 2063 Ep.
730 1972 878 2042 Div.
907 1972 995 2050 V.
1030 1989 1107 2038 12
1134 1993 1151 2034 =
1198 1968 1710 2034 Alexander—ab
1745 1969 1961 2057 Apelle
1989 1968 2342 2058 poliffi'mum
2365 1969 2563 2056 pingi,
2589 1980 2643 2034 et

572 2102 613 2141 a
649 2074 893 2162 Lysippo
910 2071 1085 2161 fingi
1120 2069 1377 2135 volebat.
1466 2069 1745 2136 Horatio
1776 2073 1897 2157 Ep.
1934 2067 2026 2135 ΙΙ.
2059 2091 2118 2151 1,
2153 2071 2518 2156 239—idem
2543 2095 2644 2136 rex

572 2173 993 2240 ille—Edi&
1016 2172 1207 2238 vetuit
1244 2197 1317 2236 ne
1361 2172 1494 2260 qui-2·
1513 2173 1592 2258 se
1623 2183 1850 2260 praeter
1889 2171 2162 2259 Apellam
2204 2170 2513 2258 Pingeret,
2543 2185 2645 2237 aut

572 2277 729 2344 alius
758 2276 1005 2364 lysippo
1040 2277 1273 2338 duceret
1312 2298 1470 2353 aera,
1501 2275 1694 2337 Fortis
1720 2274 2059 2339 Alexandri
2086 2273 2325 2338 vultum
2340 2273 2643 2360 fimulan-

570 2382 679 2466 tia.
750 2377 1045 2444 Valerius
1087 2377 1271 2438 Max.
1318 2376 1510 2438 VIII.
1559 2394 1660 2438 11.
1715 2377 1865 2440 Ext.
1898 2396 1959 2443 2.
2039 2375 2366 2441 Himerius
2411 2374 2636 2464 Ecl'og.

571 2481 870 2548 XXXII..
895 2500 964 2564 p.
990 2478 1138 2543 288.
1169 2475 1325 2540 edit.
1352 2475 1754 2542 Wernsdorf.
1834 2480 1928 2544 At
1959 2477 2342 2564 Plutarchus
2371 2492 2641 2565 utroque

570 2584 718 2649 loco
747 2578 951 2646 solum
983 2577 1327 2665 Lyfippum
1358 2577 1546 2642 dicit:
1579 2577 1738 2642 item
1765 2579 2076 2644 Arrianus
2107 2581 2176 2642 I:
2195 2581 2295 2660 16,
2320 2596 2381 2664 7.
2415 2602 2642 2666 quam-

567 2701 763 2773 quam
791 2682 847 2745 is
876 2679 1135 2766 quidem
1164 2702 1295 2744 non
1325 2679 1438 2757 ita,
1468 2693 1544 2744 ut
1569 2679 1732 2744 duos
1772 2681 2054 2767 reliquos
2092 2682 2432 2747 excludere
2459 2681 2640 2746 volu-

567 2787 675 2854 iffe
720 2782 1045 2877 videatur3
1091 2783 1131 2846 fi
1178 2781 1436 2868 quidem
1483 2782 1592 2869 ipsi
1633 2807 1764 2848 non
1801 2783 1910 2848 nifi
1940 2783 2021 2848 de
2050 2785 2266 2850 statuis
2294 2785 2639 2851 dicendum

570 2901 730 2967 erat.
820 2883 1018 2973 Quod
1055 2883 1181 2949 hoc
1210 2883 1355 2948 loco
1383 2883 1622 2950 dicitnr
1648 2883 1787 2964 ἦθος,
1822 2885 2058 2950 Plinius
2087 2889 2367 2952 XXXV.
2397 2888 2510 2973 36,
2541 2908 2642 2973 19.

571 2993 653 3058 de
678 2987 929 3076 Apellis
958 2985 1189 3073 aequali
1212 2985 1485 3051 Aristide
1507 2986 1820 3052 Thebano
1847 3013 1864 3053 ι
1912 2988 1961 3052 is
1989 2989 2241 3052 omnium
2259 2989 2489 3078 primus
2517 2990 2645 3054 ani-

569 3115 729 3158 mum
753 3089 975 3179 pinxit,
1004 3099 1061 3150 et
1064 3088 1277 3173 firgfus
1304 3087 1554 3152 hominis
1582 3087 1870 3176 exprfft,
1895 3113 2036 3177 quae
2054 3102 2271 3153 vocant
2301 3090 2506 3154 Graeci
2533 3093 2642 3169 ἤθη·

566 3210 637 3260 et
662 3192 817 3275 ibid.
852 3211 913 3260 2.
942 3189 1221 3278 appellat
1248 3214 1452 3255 morae.
1530 3191 1900 3278 Xenophon
1929 3194 2137 3256 Mem.
2167 3194 2350 3257 Socr.
2383 3195 2509 3256 III.
2540 3213 2641 3272 10,

563 3317 631 3383 3.
677 3293 791 3374 ἦθος
832 3292 1012 3371 dicit,
1056 3291 1229 3378 quod
1274 3292 1502 3379 pictori
1539 3292 2028 3408 exprimendum
2071 3294 2194 3358 effe
2232 3293 2638 3359 dubitantem

565 3397 960 3464 Parrhasium
1016 3393 1208 3460 docet
1270 3396 1585 3475 SocrateS,
1631 3394 1734 3482 cuj
1744 3418 1818 3460 us
1874 3394 2222 3482 disputatio
2277 3391 2644 3462 conferatur

510 3533 519 3541 ·
566 3522 717 3568 cum
748 3497 962 3580 Dione
996 3495 1226 3608 Chrys.
1258 3497 1373 3562 Or.
1404 3481 1563 3560 XII.
1592 3520 1661 3585 p.
1677 3516 1840 3564 211.
1870 3499 1946 3562 Β.
1985 3496 2188 3584 igitur
2217 3491 2287 3572 in
2314 3498 2502 3562 vultu
2528 3521 2640 3564 ex-

560 3601 841 3689 preflum
861 3600 1205 3688 χαρακτῆρα
1232 3599 1570 3665 dixerunt:
1611 3611 1688 3664 ut
1713 3599 2087 3666 monuimus
2114 3599 2284 3665 Bibl.
2319 3601 2481 3666 Crit.
2513 3603 2638 3680 ΙΙΙ,

554 3705 625 3768 .I.
650 3724 717 3789 p.
744 3704 845 3766 16.
878 3701 959 3768 ad
989 3701 1313 3768 Plutarchi
1320 3703 1578 3790 Quaest.
1614 3701 1773 3767 Plat.
1802 3705 1856 3767 Ι.
1880 3720 1948 3790 p.
1973 3724 2122 3790 999.
2147 3705 2228 3768 E.
2259 3716 2329 3767 et
2355 3701 2513 3768 alias
2542 3703 2642 3766 di-

566 3803 793 3872 sertius
822 3803 1252 3868 monebimuS.

648 3924 729 3994 33
734 3920 802 3990 5
836 3903 917 3970 C.
961 3902 1468 3990 Στασικράτης-]
1519 3905 1781 3974 Brevius
1823 3928 1958 3972 rem
2005 3917 2218 3970 narrat
2259 3905 2640 3972 Plutarchus

494 4072 497 4088 ,
564 4008 631 4074 in
663 4005 1032 4074 Alexandro
1058 4027 1137 4092 Ρ.
1154 4022 1302 4089 705.
1339 4007 1412 4070 B.
1443 4017 1510 4070 et
1545 4007 1775 4072 Strabo
1804 4009 1989 4080 XIV.
2022 4029 2088 4093 p.
2119 4025 2272 4094 949.
2307 4007 2388 4071 C.
2463 4007 2640 4072 Chei-

566 4119 843 4173 rocratem
884 4105 1311 4193 eumdemque
1354 4107 1811 4174 Alexandriae
1795 4132 1862 4173 m
1893 4109 2186 4199 AEgypto
2215 4107 2638 4174 architectum

561 4209 807 4278 dicen&
884 4208 1095 4297 Atqui
1120 4209 1175 4274 is
1203 4209 1588 4274 Dcinocrates
1631 4209 1756 4274 fuit
1778 4237 1796 4274 ε
1843 4209 2028 4298 cujus
2072 4233 2310 4276 nomen
2350 4210 2537 4297 ponit
2569 4210 2638 4276 in

558 4310 683 4376 hac
705 4310 881 4396 ¹item
924 4333 994 4408 re
1035 4311 1169 4406 fuse
1205 4310 1518 4394 narranda,
1551 4310 1887 4378 Vitruvius
1927 4312 2072 4378 Lib.
2115 4315 2246 4400 ,flu
2277 4313 2530 4389 Praefat.
2565 4336 2631 4399 p.
