2850 4817
232 795 931 972 DANIELIS
1026 817 2209 1018 WYTTENBACHH

584 1195 1839 1278 ANIMADVERSIONES

434 1477 579 1573 IN
646 1405 1398 1574 PLUTARCHI
1469 1475 1998 1590 LIBRUM,

259 1761 377 1825 DE
418 1761 991 1826 ALEXANDRI
1039 1761 1135 1826 M.
1183 1761 1640 1828 FORTUNA
1684 1763 1886 1828 AUT
1931 1763 2177 1830 VIRT.

1001 1996 1306 2056 ORATIO
1347 1999 1427 2056 11.

931 2245 1497 2296 -.....*--

212 2437 307 2548 P.
340 2505 487 2572 333.
523 2484 615 2550 D.
647 2486 812 2572 χθὲς]
861 2484 1274 2551 Declamatio
1322 2485 1440 2550 five
1487 2483 1774 2566 Διᾶλεξις,
1817 2485 2018 2553 biduo
2061 2487 2247 2557 dein-

210 2607 339 2672 ceps
378 2588 635 2653 habita:
682 2601 758 2652 ut
785 2587 897 2653 illa
922 2589 1041 2673 περὶ
1070 2587 1502 2676 Σαςκοφαγῖας,
1531 2609 1804 2676 quarum
1831 2588 2028 2658 altera
2051 2590 2246 2656 fimile

210 2689 509 2755 exordium
540 2690 758 2770 habet,
786 2711 851 2776 p.
876 2694 1025 2778 996.
1050 2692 1160 2758 D..

278 2811 414 2877 333.
461 2797 539 2860 E.
589 2795 1043 2881 Ἀρχεστράτου]
1112 2792 1337 2880 Hujus'
1382 2792 1574 2858 multi
1625 2794 1772 2859 sunt
1818 2805 1886 2858 et
1933 2793 2248 2862 luculenti

211 2893 358 2976 apud
381 2895 770 2959 Athcnaeum
796 2894 955 2960 loci:
987 2917 1067 2959 cx
1094 2893 1321 2958 eodem
1354 2906 1528 2958 certe
1561 2896 1685 2958 III.
1716 2915 1784 2980 p.
1821 2915 1968 2977 ¹04·
1995 2897 2083 2961 A.
2115 2920 2248 2983 quo

213 2991 521 3082 Chryfippi
549 2994 633 3058 dc
659 2995 1077 3060 ‘Archcstrato
1105 2994 1352 3060 dictum
1385 2995 1682 3075 refertur,
1710 2983 2080 3060 affirmantis
2105 3017 2246 3060 car-

209 3115 337 3158 men
374 3097 565 3184 hujus
603 3096 1028 3183 γαστρολογῖαν
1064 3096 1346 3184 Epicuro
1382 3097 1564 3162 fuifl‘e
1600 3097 1930 3184 μητρόπολιν
1963 3102 2059 3172 τῆς
2085 3111 2246 3174 φιλο-

212 3197 379 3276 σοφίας
412 3204 601 3279 αὐτοῦ,
642 3199 972 3288 colligitur
1013 3222 1163 3266 cum
1202 3199 1370 3265 inter
1406 3200 1862 3288 Olympiadem
1903 3200 2152 3265 CXIV.
2179 3210 2250 3264 ct

214 3297 529 3367 CXXVII.
574 3303 869 3382 floruiffe,
901 3324 1169 3388 quarum
1205 3301 1324 3366 illa
1353 3301 1740 3382 Alexander,
1769 3303 1896 3368 hac
1930 3300 2248 3389 Epicurus

210 3401 379 3468 obiit:
415 3403 617 3492 igitur
647 3427 776 3469 non
804 3393 952 3469 satio
981 3403 1150 3470 recle
1178 3403 1243 3468 in
1277 3403 1488 3470 Poetis
1517 3404 1776 3470 incertae
1799 3404 2004 3470 aetatis
2031 3402 2186 3490 poni
2210 3426 2250 3468 a

207 3503 392 3572 Vossio
418 3509 521 3573 De
555 3507 733 3572 Poct.
766 3505 883 3572 Gr.
912 3529 980 3592 p.
1014 3519 1161 3590 225.
1190 3519 1257 3570 et
1286 3505 1522 3571 reffius
1551 3527 1590 3570 a
1619 3507 1696 3569 L.
1727 3505 2012 3594 Gyraldo
2044 3508 2122 3570 T.
2154 3507 2246 3570 ΙΙ.

206 3625 261 3690 p.
290 3609 421 3688 148.
450 3607 753 3696 subjungi
783 3609 1157 3696 Antagorae‚
1188 3606 1421 3696 aequali
1445 3607 1776 3694 Antigoni
1814 3606 2124 3746 Majoris:
2165 3607 2250 3672 dc

208 3729 319 3794 quo
338 3709 610 3774 diximus
640 3732 709 3796 p.
738 3711 885 3778 182.
918 3712 986 3776 F.

275 3832 415 3898 333.
461 3817 534 3878 F.
588 3811 868 3889 Διονύσιος
912 3821 1145 3902 γοῦν-
1163 3814 1480 3901 κιθαρῳδοῦ]
1544 3812 2132 3884 Animadvertimus
2179 3835 2248 3901 p.

208 3917 409 3994 41..D

279 4035 337 4100 Ρ
356 4037 501 4104 334.
526 4018 615 4083 A.
642 4017 788 4083 ὥστε
815 4044 909 4082 τον
932 4017 1676 4106 μισθὸν-ἀντιτερπόμενος]
1706 4015 2000 4083 Vanetas
2020 4012 2248 4078 leffiu-

214 4113 293 4180 ni‘s
325 4116 591 4186 duorum
620 4120 923 4218 codicum
963 4142 1093 4186 non
1130 4118 1489 4186 reticenda.
1539 4117 1784 4184 Harlei.
1828 4114 1972 4182 ὥστε
2015 4113 2250 4200 ἀπέχεις

214 4216 288 4280 *ὃν
318 4224 498 4301 μισθὸν
524 4221 877 4312 ,τερπόμενος-
924 4223 1079 4290 item
1110 4223 1199 4305 G,
1229 4221 1534 4288 ultimum
1565 4235 1782 4288 tamen
1811 4216 2250 4306 ἂντιτερπόμινον

216 4319 437 4388 retinet.
624 4349 631 4352 ·
946 4357 953 4363 ·
1160 4363 1167 4366 ·

1828 4589 1852 4637 ι.
1904 4571 1916 4608 x
