2850 4817
388 303 857 366 PARALLELA
896 305 1031 366 GR.
1075 253 1179 364 ΕΤ
1218 303 1423 366 Rom.
1463 325 1520 388 p.
1551 320 1691 384 307.
1719 303 1992 388 Ε-309.
2019 309 2089 370 Α.
2195 311 2268 388 83

216 464 537 544 Αιιᾶοτεε,
568 463 855 551 ejusdem
884 485 961 532 ac
990 464 1235 552 priores
1262 465 1560 532 officinoe.
1623 465 1890 532 Τοῦσκων
1912 488 2032 555 pro
2055 483 2268 538 vetere

211 566 483 651 Τροόσκων
514 567 627 632 dat
656 567 917 633 Harlei=
948 567 1127 634 idem
1154 568 1450 657 Θόμβςιος
1477 591 1630 634 cum
1657 570 1832 636 voff.
1862 573 2018 638 Jun.
2051 573 2264 638 Petav.

284 667 345 732 θ’.
372 685 521 754 307.
558 671 662 755 Ε.]
714 671 819 735 De
851 669 1059 736 Icario
1086 683 1154 736 et
1186 669 1468 758 Erigone
1497 669 1726 738 diserte
1754 687 2016 738 narrant
2051 674 2264 740 Scho-

210 767 283 832 lia
302 769 381 833 ad
411 769 593 834 Iliad.
626 775 710 834 X.
745 790 851 856 29.
917 773 1177 850 Vetera,
1208 773 1484 850 Veneta,
1517 771 1970 862 porphyriana,
2001 774 2262 840 auctore

215 871 626 952 Eratosthene,
673 870 807 937 duo
850 871 1064 959 priora
1106 872 1279 939 nude
1322 875 1393 948 ὥς
1439 877 1643 962 ἱστορεῖ
1683 874 2092 960 Ἐρατοσθένης·
2140 898 2262 964 po-

213 972 413 1038 strema
444 972 727 1060 plenius,
768 977 976 1062 ἱστορεῖ
1008 973 1400 1060 Ἐρατοσθένης
1427 977 1482 1038 ὒν
1508 979 1620 1050 τοῖς
1649 981 1842 1040 §amoti
1872 975 2258 1064 Καταλόγοις.

217 1074 409 1162 Hujus
447 1067 703 1140 cannen
739 1075 1005 1162 Erigone
1040 1074 1306 1140 laudant
1342 1075 1475 1156 alii,
1511 1075 1695 1142 citati
1735 1078 2024 1144 Fabricio
2059 1079 2138 1144 B.
2170 1081 2256 1146 G.

214 1177 291 1240 11.
316 1199 377 1264 p.
400 1192 553 1264 475.
644 1177 952 1243 Fabulam
981 1191 1048 1246 et
1075 1177 1512 1266 Apollodorus
1541 1179 1736 1246 refert
1767 1181 1892 1245 111.
1930 1199 2032 1263 14,
2070 1198 2134 1266 7.
2174 1182 2259 1248 ad

210 1301 380 1364 quem
422 1278 891 1366 cognoscantur
932 1291 1157 1346 notata
1197 1281 1464 1368 Heynii.
1554 1281 1682 1347 Sed
1711 1283 1940 1348 Noster
1969 1283 2258 1350 tenebrio

209 1379 403 1444 omnia
440 1381 751 1446 turbavitz
794 1394 863 1446 et
892 1381 1059 1469 varia
1085 1381 1275 1447 lectio
1301 1383 1389 1446 est
1415 1382 1480 1448 in
1511 1383 1553 1448 J
1557 1404 1666 1448 un.
1695 1397 1768 1450 et
1791 1384 2256 1464 Hah—infe-
2289 1453 2296 1461 ,

209 1482 339 1560 νόθη·
381 1485 449 1559 οὓς
492 1485 547 1547 δὲ
580 1483 1001 1572 Ἐρατοσθένης,
1031 1483 1253 1571 Κρόνος·
1300 1483 1454 1560 οὗτος
1478 1489 1596 1571 γὰρ
1624 1494 1876 1573 γεωργοῦ
1905 1488 2043 1562 τινὸς
2073 1488 2254 1574 θυγα-

208 1582 329 1670 τέςα
352 1587 443 1648 καὶ
468 1585 856 1672 τορείᾳ-καλὴν
889 1585 1057 1650 οὖσαν
1094 1585 1369 1668 ἐβιάζετο.
1461 1585 1666 1673 Cujus
1693 1587 1856 1652 istud
1884 1591 1939 1650 ἐν
1964 1587 2152 1674 τορείᾳ
2176 1609 2256 1654 ex

209 1685 441 1774 vulgato
473 1687 772 1771 Ἐντωρία,
816 1701 885 1752 et
928 1687 1055 1752 hoc
1095 1709 1175 1752 ex
1211 1686 1502 1782 Ἠςιχόνη,
1550 1701 1776 1754 natum
1815 1690 1924 1754 est.
1973 1693 2045 1756 F.
2089 1690 2253 1758 adeo

211 1789 427 1872 praebet
452 1794 503 1852 ἓν
528 1788 744 1875 Τωρίᾳ.
822 1791 1208 1868 Romanum,
1238 1811 1413 1854 mere
1446 1812 1662 1877 nugae.

281 1889 335 1953 ι’.
374 1913 434 1976 p.
476 1892 629 1977 308.
674 1891 791 1976 A.]
860 1891 1163 1956 Graecum
1231 1891 1427 1956 habet
1489 1891 1788 1956 Stobaeus
1845 1891 2059 1958 Floril.
2116 1895 2249 1961 Tit.

213 1995 530 2060 XXXVII.
559 2016 625 2081 p.
653 1994 801 2060 228.
865 1995 1228 2058 Romanum
1256 1993 1606 2058 monstrum
1635 1993 1865 2058 exstitit
1887 2017 1966 2059 ex
1995 1995 2250 2064 duobus

215 2095 371 2162 faffis
394 2096 458 2161 in
490 2118 697 2162 unum
724 2093 1015 2160 conflatis
1041 2091 1256 2174 Decii,
1284 2105 1353 2158 et
1384 2094 1500 2179 Sp.
1532 2093 1741 2174 Caffii,
1763 2093 1845 2158 de
1871 2117 2004 2182 quo
2029 2097 2248 2164 Livius

218 2199 289 2262 11.
314 2220 415 2280 41.
792 2217 797 2223 “

278 2301 364 2364 ια’.
388 2303 536 2387 308.
572 2300 687 2386 C.]
737 2302 1110 2386 Utrumque
1139 2298 1357 2386 inepte
1386 2295 1761 2364 distortum:
1809 2297 2112 2364 Latinum
2141 2310 2244 2364 et-

218 2398 321 2466 iam
346 2401 583 2488 aliquot
609 2401 815 2466 verbis
842 2413 1248 2466 truncatum:
1294 2399 1524 2465 absunt
1552 2399 1618 2464 in
1651 2399 1834 2464 Harl.

268 2499 365 2576 ιβ’.
404 2503 557 2588 308.
602 2503 723 2588 D.]
782 2504 1146 2568 Romanum
1187 2501 1472 2566 constat:
1522 2503 1828 2567 Graecum
1874 2524 2001 2566 non
2047 2499 2246 2566 modo

217 2604 583 2682 ementitum,
614 2603 722 2668 sed
754 2603 940 2668 stulte
965 2601 1375 2667 ementitum.
1466 2601 1664 2667 Paulo
1693 2603 1829 2668 aliis
1859 2601 2063 2668 verbis
2091 2623 2240 2668 nar·-

218 2719 355 2768 ratur
380 2705 445 2770 in
479 2704 664 2771 Harl.
693 2729 837 2792 quae
867 2703 1277 2770 transcribere
1304 2726 1434 2769 non
1464 2704 1720 2769 attinet.

276 2809 363 2894 ιγ.
388 2811 537 2895 308.
572 2811 676 2895 Ε.]
727 2808 863 2874 Iole
898 2807 1161 2896 cognita
1190 2807 1257 2872 in
1288 2805 1544 2885 fabulis„
1577 2829 1706 2872 non
1737 2805 1892 2872 item
1923 2807 2240 2872 innocuus

219 2905 273 2971 de
294 2933 467 2977 muro
495 2912 727 2977 saltus:
776 2911 1107 2991 Latinum,
1137 2931 1287 2974 cum
1317 2908 1682 2974 autstoribua
1713 2907 1904 2975 Nicia
1926 2921 1994 2973 et
2019 2909 2240 2974 Theo-

222 3009 382 3094 philo,
410 3014 583 3080 unde
615 3026 950 3092 venerunt,
975 3034 1071 3078 eo-
1083 3011 1336 3076 abeant.

278 3114 345 3180 28.
372 3139 436 3203 p.
465 3138 619 3204 309.
656 3118 771 3202 A.]
828 3114 1185 3201 Iphigeniae
1214 3112 1622 3178 decantatam
1649 3133 1787 3176 rem
1815 3110 1958 3198 quis
1983 3133 2064 3176 ex
2091 3111 2242 3184 Me-

222 3217 359 3299 ryllo,
396 3222 707 3306 nusquam
752 3219 859 3284 nifi
901 3218 967 3281 in
1005 3217 1177 3281 istius
1212 3215 1412 3282 libelli
1455 3216 1712 3281 officina
1752 3215 2234 3303 nato,'probet?

225 3315 437 3408 Reliqua
478 3336 553 3386 ut
584 3319 881 3411 ‘proxime
924 3316 1313 3383 antecedens
1357 3329 1577 3404 caput.
1668 3317 2096 3404 Spanhemius
2137 3330 2238 3382 ta-

223 3436 325 3484 men
355 3423 529 3488 hunc
564 3421 781 3487 locum
826 3433 902 3486 ut
948 3442 1092 3498 vere
1121 3418 1572 3485 Plutarcheum
1603 3417 1896 3483 adhibuit
1925 3419 2009 3484 ad
2037 3415 2237 3486 Cani-

224 3523 379 3589 machi
408 3528 499 3592 H.
534 3526 753 3590 Cerer.
785 3523 939 3588 vers.
973 3542 1117 3608 109.

284 3624 343 3688 ιε’.
364 3648 515 3713 309.
547 3627 667 3711 Α.]
718 3627 1017 3690 Graecam
1060 3622 1386 3688 historiam
1422 3621 1682 3687 exhibet
1726 3623 2021 3690 Stobaeus
2065 3625 2234 3692 Flor.

224 3717 315 3788 Tit.
338 3729 413 3797 X.
443 3751 509 3816 p.
546 3748 693 3814 133.
764 3727 1029 3791 Gesner.
1060 3746 1130 3812 p.
1160 3744 1309 3813 290.
1340 3724 1598 3790 Schow.
1629 3721 1851 3789 addita
1877 3737 2032 3791 nota
2059 3731 2239 3792 Κλει-

228 3833 350 3904 τοφῶν
370 3833 421 3893 ἔν
450 3825 685 3915 πέμπτῳ
711 3835 818 3892 τῶν
844 3829 1164 3906 Ἰταλικῶν,
1195 3825 1454 3912 prodito
1483 3823 1680 3889 etiam
1709 3823 1942 3910 puellae
1973 3827 2236 3892 nomine
2275 3871 2292 3888 .

230 3920 504 3997 Demonica.
595 3929 835 3996 Similis
881 3927 1139 3995 fortuna
1162 3927 1518 4016 ¹Polycritae
1553 3927 1817 3992 Milefiae
1849 3940 2140 3992 narratur
2153 3926 2234 3992 'in

234 4021 489 4097 Parthenii
519 4031 791 4098 Eroticis
826 4031 947 4096 IX.
980 4033 1133 4115 364.
1174 4027 1287 4094 ubi
1323 4029 1630 4094 Schottus
1659 4041 1906 4106 monet,
1933 4027 2062 4091 hoc
2089 4025 2235 4092 loco

234 4141 313 4205 pro
334 4130 552 4198 εἴσὸοσον
578 4131 933 4222 legendum
966 4130 1087 4196 effe
1116 4129 1340 4210 εἴσοδον,
1364 4142 1432 4196 et
1456 4129 1732 4210 Σαβίνους
1758 4150 1876 4216 pro
1900 4125 2235 4208 Ἀλβανούς·

236 4217 402 4299 horum
430 4233 607 4325 priua
650 4235 739 4300 est
778 4254 1120 4322 operarum
1163 4229 1389 4296 vitium
1433 4229 1648 4295 nescio
1690 4229 1876 4318 cujus
1914 4227 2235 4310 editionis,

1147 4351 1196 4398 o
1229 4351 1268 4404 2
1971 4343 1980 4352 '
