2850 4817
447 360 988 427 QUAESTIONES
1029 364 1386 425 GRAECAS.
1427 384 1487 445 p.
1519 382 1655 443 303.
1682 364 1963 441 D-304.
1990 366 2062 425 Ε.
2228 384 2261 443 7
2269 381 2302 445 5

307 538 468 608 303.
495 522 582 587 D.
613 520 686 586 νε’
691 522 746 605 .]
791 522 1180 612 Cognomen
1203 523 1509 613 χαςιὸὀτου
1536 523 2099 591 animadvertimus
2126 524 2315 613 supra

329 624 484 707 158.
516 625 605 689 D.

229 643 292 709 p
312 744 468 811 303.
501 726 588 790 D.
618 723 701 799 νς·’
707 727 753 810 .]
803 723 1040 808 Σαμίων
1076 725 1233 791 dant
1274 729 1352 791 E.
1386 728 1479 793 H.
1508 728 1745 796 Venet.
1775 725 1999 796 Voff.
1982 748 2049 791 ιιι
2078 726 2315 815 quibus

233 827 288 889 E
327 825 478 911 νήσῳ
518 824 808 892 omittit.
865 826 1021 892 Ald.
1071 826 1214 893 Bas.
1259 828 1507 917 Σαμίαν·
1553 840 1697 895 tum
1732 832 1789 895 E
1826 828 2151 893 ὃιέπλευσαν
2193 849 2315 916 pro

236 928 523 992 διέ-ι-εσ-αν·
507 976 523 992 .
571 928 777 1016 proba
809 928 1016 994 forma
1053 930 1143 993 est
1183 929 1445 995 διέπεσον·
1492 952 1687 1019 porro
1712 931 2102 997 Meziriacus
2128 949 2315 1015 φονευ-

235 1029 414 1093 θεισῶν
476 1040 778 1094 annotat·
806 1051 925 1115 pro
978 1028 1341 1113 φονευθέντων.
1432 1033 1535 1097 Est
1583 1032 1743 1097 item
1790 1032 2121 1121 singularis
2170 1032 2317 1099 boec

242 1128 559 1197 Plutarchi
592 1131 910 1196 narratio:
955 1130 1228 1197 traEtata
1260 1135 1449 1199 Petro
1480 1133 1690 1205 Petito
1716 1132 1783 1199 in
1813 1133 2093 1200 Historia
2118 1135 2315 1201 Ama-

241 1253 476 1297 zonum
513 1233 681 1319 Cap.
721 1235 866 1299 XL.
906 1255 975 1321 p.
1008 1247 1162 1319 541.
1201 1234 1328 1323 seq.
1417 1236 1482 1301 A
1512 1236 1771 1302 Baccho
1808 1235 2065 1325 fugatas
2094 1237 2313 1323 Ephe·

243 1332 374 1398 sum
400 1334 783 1423 confugiffe,
815 1334 1011 1400 tradit
1041 1336 1374 1404 Pausanias
1398 1338 1557 1403 VII.
1586 1357 1651 1407 2.
1682 1360 1749 1425 p.
1778 1352 1931 1424 525.

318 1456 472 1523 303.
503 1440 584 1501 Ε.
614 1437 740 1522 νζ.]
777 1436 1003 1526 ἀνὸςῶν,
1035 1437 1128 1504 ita
1155 1439 1328 1504 enim
1359 1439 1801 1512 scribendumt
1838 1462 1959 1507 nec
1980 1452 2055 1507 ut
2078 1462 2315 1507 nomen

242 1539 598 1625 proprium,
642 1538 990 1626 majuscula
1035 1539 1220 1606 litera
1267 1540 1527 1629 Ἀνδςῶν,
1580 1555 1656 1608 ut
1702 1541 1771 1606 in
1814 1541 2061 1631 majore
2112 1544 2319 1609 nostra

245 1640 560 1707 editione:
607 1641 822 1707 minus
864 1642 1062 1707 etiam
1104 1646 1364 1731 Ἀνδρῶν,
1403 1657 1481 1708 ut
1520 1644 1587 1709 in
1618 1644 1909 1712 minore:
1954 1644 2063 1711 sed
2089 1644 2314 1734 ἀνδςῶν,

245 1744 501 1809 virorum
531 1745 832 1811 conclave.
919 1746 1065 1812 Nec
1103 1758 1320 1813 tamen
1361 1747 1643 1835 Quaestio
1674 1746 1909 1835 justam
1937 1747 2317 1813 solutionem

249 1843 477 1927 habet3
525 1869 658 1912 non
709 1847 884 1913 enim
935 1847 1160 1935 ἀνδρὼν,
1203 1847 1312 1914 sed
1359 1848 1503 1923 οἶκος
1545 1848 1777 1937 aliquis
1821 1848 1933 1914 ubi
1986 1848 2145 1913 πέδαι
2194 1849 2320 1915 illae

249 1944 582 2029 servantur,
607 1950 833 2029 πεὸἦτης
853 1950 1167 2015 nominari
1190 1949 1560 2017 ostenditur.
1606 1952 1818 2039 Igitur
1836 1950 2080 2037 aliquid
2096 1949 2317 2015 mendi
2340 1948 2355 1957 ’

253 2047 473 2115 subeffe
514 2064 769 2139 putem.
858 2054 1108 2118 Locum
1139 2052 1318 2117 hunc
1346 2052 1475 2117 fine
1502 2052 1637 2117 vitii
1665 2052 2017 2139 suspicione
2056 2050 2320 2139 attingit

156 2158 160 2163 ’
253 2152 334 2215 Η.
357 2153 728 2241 Stephanus
753 2154 942 2221 Thes.
975 2158 1093 2221 Gr.
1125 2158 1206 2221 L.
1236 2154 1465 2220 Indice
1492 2176 1558 2241 p.
1593 2155 1781 2219 1618.
1854 2153 2321 2220 Valckenarius

255 2253 327 2317 ad
363 2256 685 2322 Herodot.
713 2258 836 2323 VI.
869 2276 948 2324 22
974 2283 990 2323 z
1039 2257 1154 2323 ubi
1183 2257 1264 2323 de
1291 2256 1569 2323 duarum
1608 2256 1783 2322 Sami
1813 2254 2165 2321 faffionum
2190 2254 2317 2320 dis-

253 2356 511 2423 senfione
541 2358 780 2447 agitur.
856 2359 1148 2426 Similem
1179 2360 1352 2448 apud
1381 2359 1631 2427 Samios
1659 2361 1825 2443 δῆμου
1851 2358 2141 2425 adversus
2166 2384 2319 2446 γεω·
2362 2410 2369 2417 .

253 2457 432 2546 μόρους
482 2460 981 2548 occupationem
1039 2475 1252 2528 narrat
1303 2461 1721 2551 Thucydides
1773 2464 1963 2530 VIII.
2019 2480 2126 2531 21.
2212 2462 2337 2529 De=

256 2562 498 2628 nomine
527 2562 827 2652 γεωμόρων
854 2564 1286 2647 Ruhnkenius
1309 2565 1518 2631 noster
1537 2565 1621 2630 ad
1640 2564 1813 2631 Tim.
1838 2565 2039 2631 Gloff.
2066 2565 2318 2631 Platon.

259 2682 316 2747 p.
348 2666 450 2749 67.
943 2684 950 2699 ·

331 2785 394 2850 p.
420 2785 576 2851 304.
617 2765 714 2832 C.'
738 2766 868 2851 mn]
915 2768 1022 2833 De
1068 2766 1371 2833 Herculis
1412 2790 1452 2831 a
1492 2766 1689 2856 Troja
1728 2778 1921 2854 capta
1960 2765 2210 2831 reducis
2252 2764 2321 2830 in

262 2863 390 2929 Con
419 2866 703 2931 Insulam
737 2867 1020 2933 adventu
1061 2880 1129 2932 et
1170 2889 1394 2954 pugna
1427 2888 1581 2933 cum
1621 2866 2001 2954 Mei-opibus
2041 2864 2319 2952 Apollo-

260 2961 434 3033 dorus
467 2970 562 3033 II.
595 2983 660 3053 7.
691 2981 760 3034 et
789 2968 899 3057 qui
927 2969 1212 3035 citantur
1241 2970 1324 3035 ab
1353 2969 1639 3058 Heyni0.
1728 2968 1857 3035 Sed
1895 2967 1979 3032 ab
2016 2966 2116 3031 his
2156 2986 2319 3052 pau-

258 3064 378 3133 lum
413 3070 658 3137 diversa
681 3073 768 3137 est
803 3084 870 3137 et
903 3071 1160 3137 uberior
1203 3072 1535 3138 Plutarchi
1570 3070 1875 3137 narratio.
1965 3066 2167 3136 Quod
2194 3066 2320 3131 Az-

261 3166 392 3256 ciopi
429 3172 657 3252 filiam,
701 3176 796 3250 τὴν
837 3171 1164 3252 Ἀλκιόπου,
1198 3172 1435 3237 duxiffe
1474 3171 1733 3253 dicitur,
1763 3168 2045 3235 nomina.
2061 3167 2327 3233 confusa

261 3268 523 3354 ejusdem
553 3273 840 3340 mulieris
865 3298 1012 3363 quae
1045 3273 1359 3363 Chalciope
1391 3272 1629 3360 dicitur
1670 3271 1883 3339 eidem
1924 3268 2325 3357 Apollodoro

265 3372 344 3437 Π.
378 3391 440 3461 7,
471 3378 537 3441 8.
567 3389 638 3442 et
676 3376 1044 3442 Scholiastae
1088 3375 1344 3442 Pindari
1377 3377 1578 3441 Nem.
1612 3377 1730 3442 IV.
1759 3392 1869 3456 42.
1901 3373 2163 3459 aliisque
2190 3370 2327 3439 illic
2406 3414 2417 3437 ι

269 3474 514 3564 Heynio
554 3477 856 3545 laudatis.
946 3477 1467 3544 promontorium
1506 3475 1737 3541 Insulae
1764 3479 2001 3563 Λακτὴς
2030 3476 2118 3540 est
2145 3476 2325 3540 Stra-

265 3574 399 3643 boni
427 3581 618 3648 XIV.
648 3602 716 3667 p.
749 3595 900 3666 971.
930 3581 1010 3646 B.
1098 3579 1493 3646 Antimachia
1518 3577 1833 3666 oppidum
1864 3575 2195 3664 quoddam
2222 3576 2324 3640 in-

268 3679 559 3771 telligitur
597 3684 679 3749 ab
717 3682 1202 3769 interpretibus,
1230 3694 1299 3748 et
1331 3680 1660 3768 Stephano
1685 3680 1881 3745 Thes.
1920 3682 2039 3745 Gr.
2068 3681 2147 3747 L.
2180 3677 2325 3745 Ind.

270 3798 324 3862 p-
351 3786 514 3870 463·
560 3782 740 3849 haud
781 3784 1051 3850 memini
1091 3783 1246 3850 alibi
1286 3805 1396 3848 me
1434 3783 1673 3870 legere.
1762 3782 2095 3849 Voffianus
2124 3780 2330 3846 codex

269 3878 364 3947 dat
385 3884 755 3971 ἀντιμαχείᾳ.

338 4004 482 4070 304.
519 3989 632 4073 Ε.]
693 3986 1031 4053 παλιντοκία
1073 3980 1551 4074 Megarensium
1599 3985 1790 4073 supra
1848 3960 2202 4049 memorata
2242 3984 2331 4047 est

272 4085 489 4155 Quaest.
533 4092 653 4155 Gr.
686 4087 777 4169 ιη’.
807 4110 877 4177 p.
909 4103 1058 4178 295.
1088 4090 1183 4156 D.
1212 4088 1386 4155 unde
1424 4086 1751 4154 seditionis
1795 4084 1992 4173 hujus
2031 4100 2187 4150 aetas
2224 4083 2329 4149 in-

278 4186 588 4277 telligitur.
