2850 4817
560 284 685 380 116
808 321 909 380 n.
951 322 1047 380 w.
1092 316 1484 416 ANIMADV.
1529 295 2323 386 mammem-Lm.

549 479 1031 544 declamatoriae
1082 479 1353 571 ineptias
1399 446 1476 542 in*
1519 479 1644 543 hoc
1699 477 2024 542 Plutarchi
2075 477 2222 574 loco
2269 489 2502 542 notans
2563 497 2648 562 p.

547 597 783 767 37Ξ30.
813 680 899 757 A:
930 678 1347 767 Ἐρατοσθένης]
1381 680 1548 746 libro
1577 681 1761 766 supra
1787 691 2146 745 memorato
2174 700 2240 765 p.
2267 697 2420 766 329.
2451 679 2537 743 Β.

628 803 782 872 330.
811 784 887 846 Β.
920 781 1175 870 ἐλέφασι]
1211 783 1595 860 Notavimus
1625 805 1692 869 p.
1725 785 1870 864 1'44.
1900 775 1990 847 D.
2021 801 2030 808 ·

630 907 781 972 330.
829 883 909 950 Ο.
951 886 1440 974 Ἀςίστιππος-]
1488 885 1770 952 Pertinet
1815 884 1897 950 ad
1945 883 2083 972 ejus
2133 898 2320 949 acute
2370 883 2636 948 di&um

546 988 721 1075 quod
764 989 1033 1053 refertur
1064 1011 1105 1053 a
1139 989 1440 1076 Diogene
1475 987 1732 1053 Laiertio
1773 988 1865 1052 II.
1897 1004 2004 1071 70.
2035 1000 2102 1051 et
2143 987 2338 1051 Sexto
2367 985 2640 1072 Empir.

549 1089 859 1178 Pyrrhon.
890 1091 979 1153 H.
1005 1091 1132 1155 ΙΙΙ.
1169 1110 1295 1172 204
1309 1115 1332 1154 ’t
1378 1093 1533 1174 παρὰ
1563 1088 1832 1176 Διονυσίῳ
1858 1094 1940 1175 τῷ
1965 1094 2058 1164 τῆς
2085 1086 2352 1162 Σικελίας
2377 1087 2638 1174 τυράννῳ

544 1193 795 1271 τοιαύτης
838 1195 1053 1269 ἐσθῆτος
1096 1192 1367 1256 Πλάτωνι
1412 1190 1510 1255 καὶ
1548 1190 1898 1278 Ἀριστίππῳ
1937 1193 2051 1265 τοῖς
2095 1189 2402 1273 φιλοσόφοις
2439 1215 2635 1276 προσ·-

450 1358 455 1362 .
545 1293 848 1379 ενεχθὲῖσης
878 1300 903 1357 ὁ
931 1297 1033 1376 μὲν
1070 1293 1323 1358 Πλάτων
1364 1291 1761 1376 ἀπεπέμψατο,
1801 1293 1982 1372 εἰπὼν,
2023 1299 2068 1332 “
2085 1295 2212 1356 Οὔκ
2255 1290 2322 1355 ἂν
2358 1291 2634 1374 δυναίμην
2689 1361 2696 1368 .
2814 1357 2815 1364 φ

450 1392 453 1400 ’
546 1402 595 1435 “
624 1397 780 1472 θῆλυν
818 1398 1016 1459 ἐνδῦναι
1057 1399 1283 1475 στολὴν,
1308 1394 1514 1482 ’Άρῤην
1543 1392 1848 1478 nveitais?
1880 1400 1906 1458 ὁ
1935 1395 1991 1457 δὲ
2019 1389 2377 1480 Ἀρίστιππος
2403 1394 2631 1480 προσ-ἦ-
2748 1473 2756 1480 .

544 1522 709 1578 κατο,
751 1497 949 1578 φῆσας,
996 1503 1041 1536 “
1055 1497 1235 1561 -καὶ
1274 1500 1389 1583 γὰρ
1431 1499 1492 1559 ἐν,
1520 1495 1920 1582 βακχεύμασιν
1947 1494 2116 1559 Οὗσα
2141 1497 2179 1572 ἥ
2201 1520 2274 1579 γε
2301 1493 2532 1579 σώφρων
2561 1496 2630 1557 οὔ

543 1605 589 1638 “
615 1598 1093 1683 ὃιαφθαρῆσεται.”
1177 1597 1488 1664 Venustas
1534 1598 1624 1662 est
1675 1598 1739 1661 in
1787 1610 2154 1684 opportuno
2199 1595 2493 1683 responso
2537 1618 2630 1660 ex

538 1701 824 1790 ejusdem
850 1700 1173 1788 Euripidis
1202 1701 1516 1789 tragoedia
1543 1700 1847 1781 Bacchis;
1893 1700 2066 1766 unde
2094 1700 2164 1764 hi
2193 1701 2398 1765 versus
2428 1700 2630 1786 petiti

398 1829 405 1836 ·
542 1803 693 1867 sunt
712 1820 864 1889 317,
900 1805 1045 1889 834.
1088 1803 1169 1868 de
1206 1803 1438 1924 quibus
1475 1803 1598 1868 alia
1627 1803 1822 1868 etiam
1853 1803 2213 1868 notavimus
2241 1802 2306 1866 in
2335 1801 2628 1889 Epistola
2751 1867 2760 1876 ,

538 1903 785 1970 Critica
813 1927 877 1992 Ρ.
915 1925 1016 1971 12.

626 2026 778 2092 330.
809 2006 897 2070 D.
926 2012 1129 2094 Τςῆςες
1156 2007 1391 2094 Ἰωνίαν]
1443 2009 1546 2073 De
1575 2007 1806 2072 horum
1841 1962 2342 2072 incursionibus
2326 2001 2391 2070 in
2431 2006 2622 2070 Ioni—

540 2129 647 2170 am
694 2108 1021 2172 StraboI.
1058 2129 1126 2194 p.
1164 2110 1307 2175 106.
1338 2108 1427 2189 A,
1461 2111 1540 2172 B.
1601 2110 1721 2172 XI.
1763 2131 1828 2196 p.
1860 2122 2010 2195 779.
2043 2107 2124 2174 Ο.
2173 2110 2328 2172 XII.
2357 2131 2424 2194 p.
2459 2109 2620 2196 859.

544 2209 625 2273 Ο.
659 2211 794 2297 post
822 2209 1158 2276 conditas
1142 2232 1207 2274 m
1238 2212 1420 2276 Ionia
1441 2212 1929 2278 Atheniensium
1957 2210 2238 2276 colonias
2266 2233 2620 2276 numeran-

541 2325 687 2376 tur:
755 2311 1179 2376 Cimmericus
1228 2312 1506 2399 populus
1565 2314 1910 2400 Magnetas
1965 2311 2252 2376 delevisse
2307 2311 2622 2378 dicuntur

541 2412 727 2476 XIV.
758 2433 825 2496 p.
858 2412 1005 2496 958.
1034 2410 1117 2474 C.
1164 2410 1438 2497 indeque
1467 2413 1832 2490 Eustathius
1869 2414 1936 2477 in
1967 2413 2185 2502 odyff.
2213 2417 2295 2478 A.
2321 2435 2390 2499 p.
2417 2416 2616 2498 1671,

538 2529 665 2576 20:
735 2512 911 2596 Ergo
954 2511 1037 2576 ab
1079 2511 1417 2576 Herodoto
1457 2526 1527 2577 et
1565 2513 1702 2578 aliis
1745 2537 1874 2580 non
1913 2515 2146 2594 Τνενεε,
2177 2513 2283 2580 sed
2317 2515 2624 2580 Cimmerii

538 2610 972 2677 nominantur.
1064 2610 1520 2699 Illorum-pars
1563 2614 1630 2679 in
1673 2615 1946 2680 Thracia
1992 2615 2354 2680 habitantes
2406 2616 2620 2682 Treres

534 2723 979 2778 memorantur
1018 2713 1189 2799 apud
1230 2715 1680 2802 Thucydidem
1718 2719 1808 2781 II.
1851 2721 1957 2804 96.
2032 2716 2308 2784 Plinium
2348 2718 2467 2783 IV.
2499 2733 2618 2802 17.

537 2835 607 2902 p.
654 2834 798 2880 201.
886 2815 1287 2900 Stephanum
1322 2817 1487 2904 Byz.
1525 2818 1691 2883 Voc.
1735 2823 1965 2906 Τςῆρος,
2011 2841 2048 2884 e
2094 2817 2494 2885 Callimacho
2541 2833 2620 2886 et

540 2916 700 2981 aliis.

487 3039 544 3088 ,·
621 3039 783 3112 330.
805 3019 894 3082 D.
923 3019 1135 3086 Σκύθαι
1165 3019 1411 3111 Μηὸίνα]
1465 3022 1923 3087 HerodotusI.
1961 3042 2064 3102 12,
2096 3024 2372 3110 85—87.

528 3129 555 3158 '·
618 3142 771 3208 330,
805 3122 879 3184 E.
908 3125 1031 3195 ταῖς
1058 3123 1281 3207 φωναῖς]
1335 3123 1592 3208 Propria
1632 3125 1777 3188 sunt
1820 3125 2162 3190 Plutarcho
2191 3125 2615 3215 apophtheg-

534 3235 783 3287 matum
810 3221 951 3285 laus
980 3243 1055 3286 ac
1087 3221 1359 3286 studium
1385 3247 1401 3286 ι
1450 3237 1526 3288 ut
1553 3224 1914 3290 notavimus
1943 3247 2010 3311 p.
2031 3242 2190 3310 172.
2218 3228 2305 3291 A.

606 3311 612 3318 ⁸
617 3344 769 3410 330.
794 3325 871 3386 Ε.
898 3323 1213 3409 Ἀντίγονος
1242 3331 1269 3387 ὁ
1296 3323 1500 3412 γέρων]
1536 3319 1646 3390 Ita¹
1665 3329 2160 3414 cognominatur
2187 3329 2432 3414 primus
2459 3333 2612 3396 An·—

532 3427 819 3513 tigonus‚
874 3424 1006 3489 dux
1055 3425 1404 3490 Alexandri
1455 3429 1557 3493 M.
1608 3443 1788 3514 pater
1837 3431 2154 3495 Demetrii
2209 3431 2612 3514 Poliorcetae,
2662 3467 2668 3482 =

531 3549 683 3590 avus
713 3525 1031 3613 Antigoni
1058 3528 1355 3593 Gonatae.
1428 3529 1584 3618 Ejus
1613 3531 2163 3618 apophthegmata
2183 3531 2330 3596 sunt
2359 3554 2423 3619 p.
2454 3533 2610 3600 182.

532 3629 619 3694 A.
668 3650 797 3692 non
841 3627 995 3692 item
1044 3627 1193 3708 hoe,
1245 3653 1363 3696 nec
1406 3629 1578 3696 alibi.
1667 3632 1910 3697 Eodem
1962 3634 2350 3721 cognomine
2397 3633 2611 3722 γέρων,

522 3731 742 3818 'meyer-‚⁵
785 3743 861 3794 ut
902 3752 943 3794 a
983 3731 1387 3817 sequentibus
1441 3731 1884 3821 distinguatur,
1932 3735 2194 3820 ponitur
2235 3735 2298 3800 in
2347 3736 2492 3800 Ifid.
2538 3750 2617 3802 et

530 3831 757 3897 Ofirid.
789 3853 856 3918 p.
878 3834 1029 3916 360.
1064 3833 1143 3898 Ο.
1203 3833 1359 3899 Vita
1390 3833 1708 3920 Pelopidae
1738 3857 1806 3922 Ρ.
1839 3839 1990 3922 278
2011 3839 2100 3902 D.
2159 3837 2266 3902 Sic
2291 3837 2614 3904 Metellus
2814 3911 2815 3920 φ

526 3931 709 4020 γέρων
732 3934 837 3998 De
870 3934 1126 4001 Garrul.
1159 3957 1223 4036 Ρ.
1245 3938 1398 4032 506.
1428 3935 1519 4000 D.
1599 3980 1606 3985 -

609 4053 762 4152 330.
796 4035 865 4098 F.
895 4037 1677 4123 Διονύσιος-ἀστραγάλοις]
1727 4039 1989 4108 Rectius
2015 4039 2340 4128 Lysandro
2365 3981 2611 4107 tribui-

383 4172 391 4180 ·
523 4136 721 4200 turin
751 4137 1093 4229 Apophth.
1121 4139 1359 4202 Lacon.
1392 4161 1460 4225 p.
1495 4145 1642 4223 229.
1673 4140 1752 4204 Β.

516 4265 525 4274 ·
606 4255 761 4322 330.
788 4241 857 4308 F.
890 4239 1359 4326 Σαρδαναπάλου]
1401 4241 1700 4328 Polybius
1729 4244 2026 4329 Excerpt.
2049 4244 2220 4310 Virt.
2251 4258 2320 4310 et
2349 4245 2487 4314 V-it.
2515 4245 2607 4311 Τ.

2693 4152 2705 4163 s
2813 4065 2815 4174 1

2813 4217 2815 4314 4
