<?xml version="1.0" encoding="UTF-8"?>
<!DOCTYPE html PUBLIC "-//W3C//DTD XHTML 1.0 Transitional//EN"
    "http://www.w3.org/TR/xhtml1/DTD/xhtml1-transitional.dtd">
<html xmlns="http://www.w3.org/1999/xhtml" xml:lang="en" lang="en">
 <head>
  <title>
</title>
<meta http-equiv="Content-Type" content="text/html;charset=utf-8" />
  <meta name='ocr-system' content='tesseract 3.04.00' />
  <meta name='ocr-capabilities' content='ocr_page ocr_carea ocr_par ocr_line ocrx_word'/>
</head>
<body>
  <div class='ocr_page' id='page_1' title='image "./ploutarchoutouc10unkngoog_0248.png"; bbox 0 0 2850 4817; ppageno 0'>
   <div class='ocr_carea' id='block_1_1' title="bbox 547 356 2319 435">
    <p class='ocr_par' dir='ltr' id='par_1_1' title="bbox 547 356 2319 435">
     <span class='ocr_line' id='line_1_1' title="bbox 547 356 2319 435; baseline 0.002 -18"><span class='ocrx_word' id='word_1_1' title='bbox 547 356 664 435; x_wconf 77' lang='lat'><em>236</em></span> <span class='ocrx_word' id='word_1_2' title='bbox 844 357 924 415; x_wconf 89' lang='lat' dir='ltr'><em>D.</em></span> <span class='ocrx_word' id='word_1_3' title='bbox 953 356 1050 415; x_wconf 89' lang='lat' dir='ltr'><em>W.</em></span> <span class='ocrx_word' id='word_1_4' title='bbox 1078 356 1475 420; x_wconf 75' lang='lat' dir='ltr'><strong>ANIMADV.</strong></span> <span class='ocrx_word' id='word_1_5' title='bbox 1516 358 1607 417; x_wconf 83' lang='lat' dir='ltr'><em>IN</em></span> <span class='ocrx_word' id='word_1_6' title='bbox 1648 356 2121 420; x_wconf 79' lang='lat' dir='ltr'><em>PLUTARcm</em></span> <span class='ocrx_word' id='word_1_7' title='bbox 2162 361 2319 421; x_wconf 74' lang='lat' dir='ltr'><strong>Lm.</strong></span> 
     </span>
    </p>
   </div>
   <div class='ocr_carea' id='block_1_2' title="bbox 493 465 2614 2960">
    <p class='ocr_par' dir='ltr' id='par_1_2' title="bbox 527 465 2614 893">
     <span class='ocr_line' id='line_1_2' title="bbox 533 465 2614 619; baseline 0.001 -36.012"><span class='ocrx_word' id='word_1_8' title='bbox 533 517 740 585; x_wconf 83' lang='lat' dir='ltr'><em>veluti</em></span> <span class='ocrx_word' id='word_1_9' title='bbox 765 516 1078 603; x_wconf 67' lang='lat' dir='ltr'><em>Efflidis,</em></span> <span class='ocrx_word' id='word_1_10' title='bbox 1115 514 1552 598; x_wconf 77' lang='lat' dir='ltr'><em>Valentiniani,</em></span> <span class='ocrx_word' id='word_1_11' title='bbox 1580 517 1754 605; x_wconf 83' lang='lat' dir='ltr'><em>apud</em></span> <span class='ocrx_word' id='word_1_12' title='bbox 1785 465 2220 619; x_wconf 82' lang='lat' dir='ltr'><em>Epiphanium</em></span> <span class='ocrx_word' id='word_1_13' title='bbox 2250 520 2355 585; x_wconf 89' lang='lat' dir='ltr'><em>De</em></span> <span class='ocrx_word' id='word_1_14' title='bbox 2385 520 2614 587; x_wconf 68' lang='lat' dir='ltr'><em>Hare-</em></span> 
     </span>
     <span class='ocr_line' id='line_1_3' title="bbox 541 618 2613 710; baseline 0.001 -25"><span class='ocrx_word' id='word_1_15' title='bbox 541 622 650 687; x_wconf 84' lang='lat' dir='ltr'><strong>fib.</strong></span> <span class='ocrx_word' id='word_1_16' title='bbox 698 622 791 695; x_wconf 92' lang='grc' dir='ltr'><em>ΙΙ.</em></span> <span class='ocrx_word' id='word_1_17' title='bbox 839 639 947 701; x_wconf 83' lang='lat'><em>24,</em></span> <span class='ocrx_word' id='word_1_18' title='bbox 975 637 1013 704; x_wconf 87' lang='lat'>3</span> <span class='ocrx_word' id='word_1_19' title='bbox 1027 638 1084 683; x_wconf 94' lang='lat'><strong>1.</strong></span> <span class='ocrx_word' id='word_1_20' title='bbox 1177 618 1577 707; x_wconf 64' lang='lat' dir='ltr'><em>Carpat-ratis,</em></span> <span class='ocrx_word' id='word_1_21' title='bbox 1622 621 1975 701; x_wconf 64' lang='lat' dir='ltr'><em>Ptolemaei,</em></span> <span class='ocrx_word' id='word_1_22' title='bbox 2000 620 2301 704; x_wconf 83' lang='lat' dir='ltr'><em>aliorum,</em></span> <span class='ocrx_word' id='word_1_23' title='bbox 2340 644 2613 710; x_wconf 88' lang='lat' dir='ltr'><em>quorum</em></span> 
     </span>
     <span class='ocr_line' id='line_1_4' title="bbox 533 720 2614 837; baseline -0 -47"><span class='ocrx_word' id='word_1_24' title='bbox 533 746 636 790; x_wconf 86' lang='lat' dir='ltr'><em>res</em></span> <span class='ocrx_word' id='word_1_25' title='bbox 691 736 760 788; x_wconf 91' lang='lat' dir='ltr'><em>et</em></span> <span class='ocrx_word' id='word_1_26' title='bbox 814 720 1150 837; x_wconf 76' lang='lat' dir='ltr'><em>opiniones</em></span> <span class='ocrx_word' id='word_1_27' title='bbox 1203 720 1569 808; x_wconf 88' lang='lat' dir='ltr'><em>conscripfit</em></span> <span class='ocrx_word' id='word_1_28' title='bbox 1624 744 1703 787; x_wconf 84' lang='lat' dir='ltr'><em>ex</em></span> <span class='ocrx_word' id='word_1_29' title='bbox 1756 722 2221 791; x_wconf 85' lang='lat' dir='ltr'><em>recentioribus</em></span> <span class='ocrx_word' id='word_1_30' title='bbox 2276 723 2346 789; x_wconf 89' lang='lat' dir='ltr'><em>in</em></span> <span class='ocrx_word' id='word_1_31' title='bbox 2380 724 2614 812; x_wconf 81' lang='lat' dir='ltr'><em>primis</em></span> 
     </span>
     <span class='ocr_line' id='line_1_5' title="bbox 527 816 1887 893; baseline -0.003 0"><span class='ocrx_word' id='word_1_32' title='bbox 527 822 1004 893; x_wconf 79' lang='lat' dir='ltr'><em>-Beausobrius</em></span> <span class='ocrx_word' id='word_1_33' title='bbox 988 845 1054 887; x_wconf 86' lang='lat' dir='ltr'><em>m</em></span> <span class='ocrx_word' id='word_1_34' title='bbox 1085 816 1364 888; x_wconf 87' lang='lat' dir='ltr'><em>Historia</em></span> <span class='ocrx_word' id='word_1_35' title='bbox 1389 823 1887 890; x_wconf 84' lang='lat' dir='ltr'><em>Manichaeismi.</em></span> 
     </span>
    </p>

    <p class='ocr_par' dir='ltr' id='par_1_3' title="bbox 499 916 2612 1936">
     <span class='ocr_line' id='line_1_6' title="bbox 620 916 2612 1014; baseline 0.001 -23"><span class='ocrx_word' id='word_1_36' title='bbox 620 949 690 1014; x_wconf 98' lang='grc' dir='ltr'><em>Ρ.</em></span> <span class='ocrx_word' id='word_1_37' title='bbox 721 944 874 1013; x_wconf 83' lang='grc'><strong>370.</strong></span> <span class='ocrx_word' id='word_1_38' title='bbox 905 926 992 990; x_wconf 88' lang='lat' dir='ltr'><em>A.</em></span> <span class='ocrx_word' id='word_1_39' title='bbox 1035 925 1264 999; x_wconf 76' lang='grc' dir='ltr'><strong><em>-θεοὺς</em></strong></span> <span class='ocrx_word' id='word_1_40' title='bbox 1291 928 1364 1000; x_wconf 73' lang='grc' dir='ltr'><em>εἰς</em></span> <span class='ocrx_word' id='word_1_41' title='bbox 1392 926 1495 989; x_wconf 60' lang='lat' dir='ltr'><em>&amp;bv</em></span> <span class='ocrx_word' id='word_1_42' title='bbox 1523 924 1725 1011; x_wconf 74' lang='grc' dir='ltr'><strong><em>ἔθηκεν]</em></strong></span> <span class='ocrx_word' id='word_1_43' title='bbox 1774 924 2075 1014; x_wconf 83' lang='lat' dir='ltr'><em>Cognata</em></span> <span class='ocrx_word' id='word_1_44' title='bbox 2098 916 2493 1014; x_wconf 64' lang='lat' dir='ltr'><em>haec&#39;opinio</em></span> <span class='ocrx_word' id='word_1_45' title='bbox 2520 928 2612 992; x_wconf 83' lang='lat' dir='ltr'><em>fa·</em></span> 
     </span>
     <span class='ocr_line' id='line_1_7' title="bbox 534 1026 2611 1117; baseline -0 -20"><span class='ocrx_word' id='word_1_46' title='bbox 534 1030 708 1098; x_wconf 81' lang='lat' dir='ltr'><strong>bulae</strong></span> <span class='ocrx_word' id='word_1_47' title='bbox 753 1026 1079 1116; x_wconf 77' lang='lat' dir='ltr'><em>Orphicae‚</em></span> <span class='ocrx_word' id='word_1_48' title='bbox 1115 1049 1306 1092; x_wconf 86' lang='lat' dir='ltr'><em>ovum</em></span> <span class='ocrx_word' id='word_1_49' title='bbox 1353 1026 1739 1115; x_wconf 86' lang='lat' dir='ltr'><em>principium</em></span> <span class='ocrx_word' id='word_1_50' title='bbox 1783 1050 1996 1093; x_wconf 89' lang='lat' dir='ltr'><em>rerum</em></span> <span class='ocrx_word' id='word_1_51' title='bbox 2027 1028 2314 1109; x_wconf 79' lang='lat' dir='ltr'><em>facienti,</em></span> <span class='ocrx_word' id='word_1_52' title='bbox 2346 1029 2611 1117; x_wconf 67' lang='lat' dir='ltr'><em>proditae</em></span> 
     </span>
     <span class='ocr_line' id='line_1_8' title="bbox 535 1130 2609 1220; baseline -0 -21"><span class='ocrx_word' id='word_1_53' title='bbox 535 1156 576 1199; x_wconf 81' lang='lat' dir='ltr'><strong>a</strong></span> <span class='ocrx_word' id='word_1_54' title='bbox 605 1130 948 1201; x_wconf 82' lang='lat' dir='ltr'><strong>Plutarcho</strong></span> <span class='ocrx_word' id='word_1_55' title='bbox 991 1130 1222 1217; x_wconf 87' lang='lat' dir='ltr'><strong>Symp.</strong></span> <span class='ocrx_word' id='word_1_56' title='bbox 1257 1130 1349 1195; x_wconf 93' lang='lat' dir='ltr'><strong>II.</strong></span> <span class='ocrx_word' id='word_1_57' title='bbox 1377 1149 1446 1215; x_wconf 83' lang='lat'><strong>3.</strong></span> <span class='ocrx_word' id='word_1_58' title='bbox 1486 1151 1555 1217; x_wconf 89' lang='lat' dir='ltr'><strong>p.</strong></span> <span class='ocrx_word' id='word_1_59' title='bbox 1586 1131 1737 1215; x_wconf 86' lang='lat'><strong>635.</strong></span> <span class='ocrx_word' id='word_1_60' title='bbox 1766 1133 1857 1195; x_wconf 78' lang='lat' dir='ltr'><strong>E.</strong></span> <span class='ocrx_word' id='word_1_61' title='bbox 1892 1132 2059 1217; x_wconf 86' lang='lat'><strong>636..</strong></span> <span class='ocrx_word' id='word_1_62' title='bbox 2075 1132 2167 1197; x_wconf 91' lang='lat' dir='ltr'><strong>D.</strong></span> <span class='ocrx_word' id='word_1_63' title='bbox 2210 1130 2493 1220; x_wconf 83' lang='lat' dir='ltr'><em>indeque</em></span> <span class='ocrx_word' id='word_1_64' title='bbox 2516 1156 2609 1198; x_wconf 86' lang='lat' dir='ltr'><em>re-</em></span> 
     </span>
     <span class='ocr_line' id='line_1_9' title="bbox 529 1230 2612 1323; baseline -0 -23"><span class='ocrx_word' id='word_1_65' title='bbox 529 1233 758 1323; x_wconf 73' lang='lat' dir='ltr'><em>‹petitae</em></span> <span class='ocrx_word' id='word_1_66' title='bbox 793 1253 848 1296; x_wconf 72' lang='lat' dir='ltr'><strong>a</strong></span> <span class='ocrx_word' id='word_1_67' title='bbox 895 1230 1236 1297; x_wconf 85' lang='lat' dir='ltr'><em>Macrobio</em></span> <span class='ocrx_word' id='word_1_68' title='bbox 1276 1231 1419 1296; x_wconf 86' lang='lat' dir='ltr'><strong>Sat.</strong></span> <span class='ocrx_word' id='word_1_69' title='bbox 1464 1231 1625 1296; x_wconf 91' lang='lat' dir='ltr'><strong>VII.</strong></span> <span class='ocrx_word' id='word_1_70' title='bbox 1669 1233 1772 1297; x_wconf 88' lang='lat'><strong>16.</strong></span> <span class='ocrx_word' id='word_1_71' title='bbox 1818 1253 1885 1317; x_wconf 89' lang='lat' dir='ltr'><strong>p.</strong></span> <span class='ocrx_word' id='word_1_72' title='bbox 1924 1232 2075 1317; x_wconf 87' lang='lat'><strong>638.</strong></span> <span class='ocrx_word' id='word_1_73' title='bbox 2162 1233 2612 1322; x_wconf 74' lang='lat' dir='ltr'><em>Athenagoras</em></span> 
     </span>
     <span class='ocr_line' id='line_1_10' title="bbox 534 1332 2607 1423; baseline -0.001 -20"><span class='ocrx_word' id='word_1_74' title='bbox 534 1339 767 1423; x_wconf 84' lang='lat' dir='ltr'><strong>Legat.</strong></span> <span class='ocrx_word' id='word_1_75' title='bbox 808 1335 928 1399; x_wconf 89' lang='lat' dir='ltr'><em>Pro</em></span> <span class='ocrx_word' id='word_1_76' title='bbox 963 1332 1302 1399; x_wconf 87' lang='lat' dir='ltr'><em>Christian.</em></span> <span class='ocrx_word' id='word_1_77' title='bbox 1333 1334 1534 1419; x_wconf 85' lang='lat' dir='ltr'><strong>p..18.</strong></span> <span class='ocrx_word' id='word_1_78' title='bbox 1566 1334 1644 1399; x_wconf 90' lang='lat' dir='ltr'><strong>B.</strong></span> <span class='ocrx_word' id='word_1_79' title='bbox 1716 1334 2091 1399; x_wconf 84' lang='lat' dir='ltr'><em>Damascius</em></span> <span class='ocrx_word' id='word_1_80' title='bbox 2120 1334 2227 1399; x_wconf 87' lang='lat' dir='ltr'><em>De</em></span> <span class='ocrx_word' id='word_1_81' title='bbox 2260 1334 2607 1423; x_wconf 74' lang='lat' dir='ltr'><em>Principiis,</em></span> 
     </span>
     <span class='ocr_line' id='line_1_11' title="bbox 527 1434 2607 1524; baseline 0 -21"><span class='ocrx_word' id='word_1_82' title='bbox 527 1436 847 1524; x_wconf 58' lang='lat' dir='ltr'><em>-Eicerptn</em></span> <span class='ocrx_word' id='word_1_83' title='bbox 889 1435 956 1500; x_wconf 87' lang='lat' dir='ltr'><em>in</em></span> <span class='ocrx_word' id='word_1_84' title='bbox 993 1434 1223 1502; x_wconf 87' lang='lat' dir='ltr'>Wolfii</span> <span class='ocrx_word' id='word_1_85' title='bbox 1263 1434 1591 1501; x_wconf 87' lang='lat' dir='ltr'><em>Aneodot.</em></span> <span class='ocrx_word' id='word_1_86' title='bbox 1628 1435 1877 1501; x_wconf 77' lang='lat' dir='ltr'><em>Graecis</em></span> <span class='ocrx_word' id='word_1_87' title='bbox 1911 1437 1989 1501; x_wconf 88' lang='lat' dir='ltr'><em>T.</em></span> <span class='ocrx_word' id='word_1_88' title='bbox 2031 1436 2157 1501; x_wconf 92' lang='grc' dir='ltr'><em>ΙΙΙ.</em></span> <span class='ocrx_word' id='word_1_89' title='bbox 2202 1456 2271 1521; x_wconf 89' lang='lat' dir='ltr'><em>p.</em></span> <span class='ocrx_word' id='word_1_90' title='bbox 2306 1453 2459 1522; x_wconf 49' lang='lat'><strong>252..</strong></span> <span class='ocrx_word' id='word_1_91' title='bbox 2528 1440 2607 1503; x_wconf 80' lang='lat' dir='ltr'><em>Et</em></span> 
     </span>
     <span class='ocr_line' id='line_1_12' title="bbox 533 1536 2604 1627; baseline -0.001 -21"><span class='ocrx_word' id='word_1_92' title='bbox 533 1539 708 1627; x_wconf 88' lang='lat' dir='ltr'><em>apud</em></span> <span class='ocrx_word' id='word_1_93' title='bbox 733 1538 895 1604; x_wconf 81' lang='lat' dir='ltr'><em>alios</em></span> <span class='ocrx_word' id='word_1_94' title='bbox 916 1536 1192 1624; x_wconf 84' lang='lat' dir='ltr'><em>populos</em></span> <span class='ocrx_word' id='word_1_95' title='bbox 1216 1536 1422 1624; x_wconf 82' lang='lat' dir='ltr'><em>viguit</em></span> <span class='ocrx_word' id='word_1_96' title='bbox 1450 1536 1671 1624; x_wconf 84' lang='lat' dir='ltr'><em>opinio</em></span> <span class='ocrx_word' id='word_1_97' title='bbox 1698 1550 1773 1603; x_wconf 86' lang='lat' dir='ltr'><em>ut</em></span> <span class='ocrx_word' id='word_1_98' title='bbox 1799 1537 2073 1604; x_wconf 85' lang='lat' dir='ltr'><em>affirmat</em></span> <span class='ocrx_word' id='word_1_99' title='bbox 2096 1537 2604 1606; x_wconf 76' lang='lat' dir='ltr'><em>Eschenbaehius</em></span> 
     </span>
     <span class='ocr_line' id='line_1_13' title="bbox 499 1639 2606 1731; baseline -0.002 -22"><span class='ocrx_word' id='word_1_100' title='bbox 499 1644 601 1709; x_wconf 57' lang='lat' dir='ltr'><em>&#39;in</em></span> <span class='ocrx_word' id='word_1_101' title='bbox 639 1641 930 1731; x_wconf 80' lang='lat' dir='ltr'><em>Epigene</em></span> <span class='ocrx_word' id='word_1_102' title='bbox 966 1639 1235 1727; x_wconf 84' lang='lat' dir='ltr'><em>Orphic.</em></span> <span class='ocrx_word' id='word_1_103' title='bbox 1273 1661 1340 1727; x_wconf 89' lang='lat' dir='ltr'><strong>p.</strong></span> <span class='ocrx_word' id='word_1_104' title='bbox 1375 1657 1737 1726; x_wconf 79' lang='lat'><strong>111-113.</strong></span> <span class='ocrx_word' id='word_1_105' title='bbox 1824 1639 2085 1729; x_wconf 84' lang='lat' dir='ltr'><em>Baylius</em></span> <span class='ocrx_word' id='word_1_106' title='bbox 2128 1640 2213 1705; x_wconf 88' lang='lat' dir='ltr'><em>in·</em></span> <span class='ocrx_word' id='word_1_107' title='bbox 2238 1642 2423 1708; x_wconf 84' lang='lat' dir='ltr'><em>Voce</em></span> <span class='ocrx_word' id='word_1_108' title='bbox 2464 1641 2606 1707; x_wconf 87' lang='lat' dir='ltr'><em>Ari·-</em></span> 
     </span>
     <span class='ocr_line' id='line_1_14' title="bbox 531 1741 2601 1832; baseline -0.002 -21"><span class='ocrx_word' id='word_1_109' title='bbox 531 1745 789 1811; x_wconf 72' lang='lat' dir='ltr'><em>manius.</em></span> <span class='ocrx_word' id='word_1_110' title='bbox 833 1742 1281 1811; x_wconf 77' lang='lat' dir='ltr'><em>Jablonsstius</em></span> <span class='ocrx_word' id='word_1_111' title='bbox 1311 1741 1541 1807; x_wconf 84' lang='lat' dir='ltr'><em>Panth.</em></span> <span class='ocrx_word' id='word_1_112' title='bbox 1572 1743 1731 1830; x_wconf 85' lang='lat' dir='ltr'><strong>AEg.</strong></span> <span class='ocrx_word' id='word_1_113' title='bbox 1762 1744 1831 1807; x_wconf 89' lang='lat' dir='ltr'><strong>P.</strong></span> <span class='ocrx_word' id='word_1_114' title='bbox 1864 1744 1920 1808; x_wconf 88' lang='grc' dir='ltr'><em>Ι.</em></span> <span class='ocrx_word' id='word_1_115' title='bbox 1950 1765 2021 1830; x_wconf 89' lang='lat' dir='ltr'><strong>p.</strong></span> <span class='ocrx_word' id='word_1_116' title='bbox 2043 1762 2153 1827; x_wconf 82' lang='lat'><em>42.</em></span> <span class='ocrx_word' id='word_1_117' title='bbox 2184 1744 2317 1832; x_wconf 82' lang='lat' dir='ltr'><em>seq.</em></span> <span class='ocrx_word' id='word_1_118' title='bbox 2348 1746 2601 1832; x_wconf 81' lang='lat' dir='ltr'><em>Opusc.</em></span> 
     </span>
     <span class='ocr_line' id='line_1_15' title="bbox 537 1852 904 1936; baseline -0.006 0"><span class='ocrx_word' id='word_1_119' title='bbox 537 1852 904 1936; x_wconf 79' lang='lat' dir='ltr'><strong>11·p·315·</strong></span> 
     </span>
    </p>

    <p class='ocr_par' dir='ltr' id='par_1_4' title="bbox 493 1946 2603 2960">
     <span class='ocr_line' id='line_1_16' title="bbox 618 1946 2601 2039; baseline -0.001 -24"><span class='ocrx_word' id='word_1_120' title='bbox 618 1966 770 2039; x_wconf 80' lang='lat'><strong>370.</strong></span> <span class='ocrx_word' id='word_1_121' title='bbox 790 1949 872 2015; x_wconf 90' lang='lat' dir='ltr'><strong>C.</strong></span> <span class='ocrx_word' id='word_1_122' title='bbox 901 1948 1228 2032; x_wconf 63' lang='grc' dir='ltr'><strong><em>Θεοπομπος</em></strong></span> <span class='ocrx_word' id='word_1_123' title='bbox 1260 1946 1316 2012; x_wconf 77' lang='grc' dir='ltr'><em>δέ</em></span> <span class='ocrx_word' id='word_1_124' title='bbox 1345 1949 1591 2033; x_wconf 76' lang='grc' dir='ltr'><em>φησι-]</em></span> <span class='ocrx_word' id='word_1_125' title='bbox 1625 1946 1951 2014; x_wconf 84' lang='lat' dir='ltr'><em>Credibile</em></span> <span class='ocrx_word' id='word_1_126' title='bbox 1974 1951 2060 2015; x_wconf 88' lang='lat' dir='ltr'><em>est</em></span> <span class='ocrx_word' id='word_1_127' title='bbox 2082 1949 2211 2016; x_wconf 87' lang='lat' dir='ltr'><em>hoc</em></span> <span class='ocrx_word' id='word_1_128' title='bbox 2239 1949 2601 2039; x_wconf 88' lang='lat' dir='ltr'><em>Theopom-</em></span> 
     </span>
     <span class='ocr_line' id='line_1_17' title="bbox 529 2050 2601 2145; baseline -0.001 -26"><span class='ocrx_word' id='word_1_129' title='bbox 529 2078 690 2145; x_wconf 85' lang='lat' dir='ltr'><em>pum</em></span> <span class='ocrx_word' id='word_1_130' title='bbox 719 2050 1060 2143; x_wconf 81' lang='lat' dir='ltr'><em>prodidiffe</em></span> <span class='ocrx_word' id='word_1_131' title='bbox 1090 2050 1384 2116; x_wconf 84' lang='lat' dir='ltr'><em>Historiae</em></span> <span class='ocrx_word' id='word_1_132' title='bbox 1413 2050 1787 2137; x_wconf 77' lang='lat' dir='ltr'><em>Ph1lippicae</em></span> <span class='ocrx_word' id='word_1_133' title='bbox 1815 2050 1981 2117; x_wconf 85' lang='lat' dir='ltr'><em>libro</em></span> <span class='ocrx_word' id='word_1_134' title='bbox 2006 2051 2201 2137; x_wconf 90' lang='lat' dir='ltr'><strong>VIII.</strong></span> <span class='ocrx_word' id='word_1_135' title='bbox 2242 2052 2419 2125; x_wconf 84' lang='lat' dir='ltr'><em>unde</em></span> <span class='ocrx_word' id='word_1_136' title='bbox 2448 2050 2601 2141; x_wconf 77' lang='lat' dir='ltr'><em>ejus·</em></span> 
     </span>
     <span class='ocr_line' id='line_1_18' title="bbox 529 2130 2600 2242; baseline -0.001 -18"><span class='ocrx_word' id='word_1_137' title='bbox 529 2160 681 2227; x_wconf 89' lang='lat' dir='ltr'><em>dem</em></span> <span class='ocrx_word' id='word_1_138' title='bbox 714 2156 798 2221; x_wconf 92' lang='lat' dir='ltr'><em>de</em></span> <span class='ocrx_word' id='word_1_139' title='bbox 825 2153 1046 2242; x_wconf 83' lang='lat' dir='ltr'><em>Magis</em></span> <span class='ocrx_word' id='word_1_140' title='bbox 1075 2153 1525 2220; x_wconf 66' lang='lat' dir='ltr'><em>austeritatem</em></span> <span class='ocrx_word' id='word_1_141' title='bbox 1553 2152 1819 2219; x_wconf 83' lang='lat' dir='ltr'><em>adhibet</em></span> <span class='ocrx_word' id='word_1_142' title='bbox 1843 2130 2176 2241; x_wconf 77' lang='lat' dir='ltr'><em>Diogenes</em></span> <span class='ocrx_word' id='word_1_143' title='bbox 2206 2156 2427 2220; x_wconf 77' lang='lat' dir='ltr'><em>Laert-</em></span> <span class='ocrx_word' id='word_1_144' title='bbox 2460 2158 2600 2221; x_wconf 83' lang='lat' dir='ltr'><em>Pro-</em></span> 
     </span>
     <span class='ocr_line' id='line_1_19' title="bbox 531 2254 2601 2343; baseline -0.003 -17"><span class='ocrx_word' id='word_1_145' title='bbox 531 2282 686 2325; x_wconf 85' lang='lat' dir='ltr'><strong>oem.</strong></span> <span class='ocrx_word' id='word_1_146' title='bbox 716 2259 780 2341; x_wconf 78' lang='lat'><strong>§.</strong></span> <span class='ocrx_word' id='word_1_147' title='bbox 807 2258 868 2321; x_wconf 90' lang='grc'><em>8.</em></span> <span class='ocrx_word' id='word_1_148' title='bbox 936 2257 1014 2320; x_wconf 93' lang='lat' dir='ltr'><em>In</em></span> <span class='ocrx_word' id='word_1_149' title='bbox 1045 2254 1400 2343; x_wconf 69' lang='lat' dir='ltr'><em>conjun&amp;o</em></span> <span class='ocrx_word' id='word_1_150' title='bbox 1427 2277 1577 2321; x_wconf 90' lang='lat' dir='ltr'><em>eum</em></span> <span class='ocrx_word' id='word_1_151' title='bbox 1608 2267 1994 2342; x_wconf 81' lang='lat' dir='ltr'><em>argumento</em></span> <span class='ocrx_word' id='word_1_152' title='bbox 2024 2255 2183 2321; x_wconf 81' lang='lat' dir='ltr'><em>citat</em></span> <span class='ocrx_word' id='word_1_153' title='bbox 2216 2258 2455 2321; x_wconf 81' lang='lat' dir='ltr'><em>AEneas</em></span> <span class='ocrx_word' id='word_1_154' title='bbox 2478 2258 2601 2322; x_wconf 85' lang='lat' dir='ltr'><em>Ga·</em></span> 
     </span>
     <span class='ocr_line' id='line_1_20' title="bbox 527 2356 2603 2447; baseline -0.003 -17"><span class='ocrx_word' id='word_1_155' title='bbox 527 2384 708 2429; x_wconf 67' lang='lat' dir='ltr'><em>zaeus</em></span> <span class='ocrx_word' id='word_1_156' title='bbox 735 2359 1000 2446; x_wconf 80' lang='lat' dir='ltr'><strong>Dialog.</strong></span> <span class='ocrx_word' id='word_1_157' title='bbox 1027 2360 1136 2423; x_wconf 92' lang='lat' dir='ltr'><em>De</em></span> <span class='ocrx_word' id='word_1_158' title='bbox 1161 2358 1292 2423; x_wconf 85' lang='lat' dir='ltr'><em>An.</em></span> <span class='ocrx_word' id='word_1_159' title='bbox 1324 2356 1686 2423; x_wconf 85' lang='lat' dir='ltr'><strong>Immortal.</strong></span> <span class='ocrx_word' id='word_1_160' title='bbox 1716 2378 1785 2443; x_wconf 90' lang='lat' dir='ltr'><strong>p.</strong></span> <span class='ocrx_word' id='word_1_161' title='bbox 1807 2373 1923 2444; x_wconf 73' lang='lat'><em>772</em></span> <span class='ocrx_word' id='word_1_162' title='bbox 1956 2359 2062 2422; x_wconf 77' lang='grc' dir='ltr'><em>ὁδὶ</em></span> <span class='ocrx_word' id='word_1_163' title='bbox 2088 2358 2460 2447; x_wconf 73' lang='grc' dir='ltr'><strong><em>Ζωροάστρης</em></strong></span> <span class='ocrx_word' id='word_1_164' title='bbox 2483 2384 2603 2447; x_wconf 70' lang='grc' dir='ltr'><strong><em>προ·-</em></strong></span> 
     </span>
     <span class='ocr_line' id='line_1_21' title="bbox 529 2456 2596 2552; baseline -0.001 -24"><span class='ocrx_word' id='word_1_165' title='bbox 529 2464 710 2552; x_wconf 72' lang='grc' dir='ltr'><strong>λέγυ,</strong></span> <span class='ocrx_word' id='word_1_166' title='bbox 748 2464 819 2537; x_wconf 74' lang='grc' dir='ltr'><em>ὥς</em></span> <span class='ocrx_word' id='word_1_167' title='bbox 857 2461 1018 2526; x_wconf 72' lang='grc' dir='ltr'><strong><em>ἔσται</em></strong></span> <span class='ocrx_word' id='word_1_168' title='bbox 1052 2461 1188 2526; x_wconf 74' lang='grc' dir='ltr'><em>ποτὶ</em></span> <span class='ocrx_word' id='word_1_169' title='bbox 1205 2458 1420 2547; x_wconf 72' lang='grc' dir='ltr'><strong><em>χρόνος</em></strong></span> <span class='ocrx_word' id='word_1_170' title='bbox 1449 2463 1503 2551; x_wconf 66' lang='grc' dir='ltr'><em>ἓν</em></span> <span class='ocrx_word' id='word_1_171' title='bbox 1529 2458 1574 2546; x_wconf 78' lang='grc' dir='ltr'><strong><em>ᾦ</em></strong></span> <span class='ocrx_word' id='word_1_172' title='bbox 1596 2459 1815 2525; x_wconf 74' lang='grc' dir='ltr'><strong><em>πάντων</em></strong></span> <span class='ocrx_word' id='word_1_173' title='bbox 1856 2467 2053 2549; x_wconf 72' lang='grc' dir='ltr'><strong><em>νεκρῶν</em></strong></span> <span class='ocrx_word' id='word_1_174' title='bbox 2089 2459 2405 2538; x_wconf 70' lang='grc' dir='ltr'><strong><em>ἀνάστασις</em></strong></span> <span class='ocrx_word' id='word_1_175' title='bbox 2431 2456 2596 2525; x_wconf 67' lang='grc' dir='ltr'><em>ἔστ-ἀι·</em></span> 
     </span>
     <span class='ocr_line' id='line_1_22' title="bbox 527 2562 2598 2651; baseline -0.002 -17"><span class='ocrx_word' id='word_1_176' title='bbox 527 2569 664 2635; x_wconf 66' lang='grc' dir='ltr'><strong>οἶδεν</strong></span> <span class='ocrx_word' id='word_1_177' title='bbox 685 2564 1061 2649; x_wconf 57' lang='lat' dir='ltr'><em>&amp;flaba-omn</em></span> <span class='ocrx_word' id='word_1_178' title='bbox 1079 2563 1110 2629; x_wconf 71' lang='grc' dir='ltr'>ὃ</span> <span class='ocrx_word' id='word_1_179' title='bbox 1129 2564 1307 2649; x_wconf 73' lang='grc' dir='ltr'><strong>λέγω·</strong></span> <span class='ocrx_word' id='word_1_180' title='bbox 1333 2562 1448 2629; x_wconf 87' lang='lat' dir='ltr'><em>ubi</em></span> <span class='ocrx_word' id='word_1_181' title='bbox 1474 2562 1759 2629; x_wconf 83' lang='lat' dir='ltr'><em>notanda</em></span> <span class='ocrx_word' id='word_1_182' title='bbox 1786 2562 1877 2627; x_wconf 85' lang='lat' dir='ltr'><em>vis</em></span> <span class='ocrx_word' id='word_1_183' title='bbox 1900 2562 2075 2629; x_wconf 86' lang='lat' dir='ltr'><em>verbi</em></span> <span class='ocrx_word' id='word_1_184' title='bbox 2098 2562 2257 2644; x_wconf 63' lang='lat' dir='ltr'><em>own,</em></span> <span class='ocrx_word' id='word_1_185' title='bbox 2280 2565 2473 2645; x_wconf 82' lang='lat' dir='ltr'><em>novit,</em></span> <span class='ocrx_word' id='word_1_186' title='bbox 2494 2584 2598 2651; x_wconf 84' lang='lat' dir='ltr'><em>pro</em></span> 
     </span>
     <span class='ocr_line' id='line_1_23' title="bbox 525 2664 2593 2759; baseline -0.003 -22"><span class='ocrx_word' id='word_1_187' title='bbox 525 2670 733 2759; x_wconf 48' lang='lat' dir='ltr'><em>refert,</em></span> <span class='ocrx_word' id='word_1_188' title='bbox 761 2666 913 2755; x_wconf 68' lang='lat' dir='ltr'><em>tqstis</em></span> <span class='ocrx_word' id='word_1_189' title='bbox 935 2666 1043 2754; x_wconf 68' lang='lat' dir='ltr'><em>qste</em></span> <span class='ocrx_word' id='word_1_190' title='bbox 1072 2667 1154 2731; x_wconf 91' lang='lat' dir='ltr'><em>de</em></span> <span class='ocrx_word' id='word_1_191' title='bbox 1183 2688 1314 2753; x_wconf 83' lang='lat' dir='ltr'><em>qua</em></span> <span class='ocrx_word' id='word_1_192' title='bbox 1341 2664 1633 2730; x_wconf 82' lang='lat' dir='ltr'><em>dicemus</em></span> <span class='ocrx_word' id='word_1_193' title='bbox 1660 2664 1743 2731; x_wconf 84' lang='lat' dir='ltr'><em>ad</em></span> <span class='ocrx_word' id='word_1_194' title='bbox 1760 2666 2032 2757; x_wconf 66' lang='lat' dir='ltr'><strong>Romul.</strong></span> <span class='ocrx_word' id='word_1_195' title='bbox 2067 2687 2131 2753; x_wconf 89' lang='lat' dir='ltr'><strong>p.</strong></span> <span class='ocrx_word' id='word_1_196' title='bbox 2149 2683 2256 2750; x_wconf 79' lang='lat'><strong>24.</strong></span> <span class='ocrx_word' id='word_1_197' title='bbox 2286 2667 2379 2733; x_wconf 90' lang='lat' dir='ltr'><strong>A.</strong></span> <span class='ocrx_word' id='word_1_198' title='bbox 2444 2666 2593 2733; x_wconf 86' lang='lat' dir='ltr'><em>Ani-</em></span> 
     </span>
     <span class='ocr_line' id='line_1_24' title="bbox 526 2766 2599 2855; baseline -0.004 -16"><span class='ocrx_word' id='word_1_199' title='bbox 526 2793 700 2839; x_wconf 86' lang='lat' dir='ltr'><em>mam</em></span> <span class='ocrx_word' id='word_1_200' title='bbox 746 2793 878 2836; x_wconf 88' lang='lat' dir='ltr'><em>non</em></span> <span class='ocrx_word' id='word_1_201' title='bbox 922 2770 1218 2835; x_wconf 87' lang='lat' dir='ltr'><em>umbram</em></span> <span class='ocrx_word' id='word_1_202' title='bbox 1244 2766 1467 2855; x_wconf 81' lang='lat' dir='ltr'><em>jacere</em></span> <span class='ocrx_word' id='word_1_203' title='bbox 1502 2780 1571 2833; x_wconf 91' lang='lat' dir='ltr'><em>et</em></span> <span class='ocrx_word' id='word_1_204' title='bbox 1609 2767 1831 2855; x_wconf 85' lang='lat' dir='ltr'><em>Magis</em></span> <span class='ocrx_word' id='word_1_205' title='bbox 1857 2766 2169 2833; x_wconf 82' lang='lat' dir='ltr'><em>traditum</em></span> <span class='ocrx_word' id='word_1_206' title='bbox 2196 2780 2269 2833; x_wconf 85' lang='lat' dir='ltr'><em>et</em></span> <span class='ocrx_word' id='word_1_207' title='bbox 2290 2789 2446 2836; x_wconf 89' lang='lat' dir='ltr'><em>cum</em></span> <span class='ocrx_word' id='word_1_208' title='bbox 2474 2766 2599 2833; x_wconf 81' lang='lat' dir='ltr'><em>aliis</em></span> 
     </span>
     <span class='ocr_line' id='line_1_25' title="bbox 493 2862 2597 2960; baseline -0.002 -20"><span class='ocrx_word' id='word_1_209' title='bbox 493 2876 876 2941; x_wconf 63' lang='lat' dir='ltr'><em>‘commune</em></span> <span class='ocrx_word' id='word_1_210' title='bbox 903 2862 1242 2960; x_wconf 70' lang='lat' dir='ltr'><em>placitum,</em></span> <span class='ocrx_word' id='word_1_211' title='bbox 1265 2868 1603 2957; x_wconf 80' lang='lat' dir='ltr'><em>attigimus</em></span> <span class='ocrx_word' id='word_1_212' title='bbox 1628 2868 1710 2935; x_wconf 84' lang='lat' dir='ltr'><em>ad</em></span> <span class='ocrx_word' id='word_1_213' title='bbox 1740 2869 1878 2935; x_wconf 90' lang='lat' dir='ltr'><em>Ser.</em></span> <span class='ocrx_word' id='word_1_214' title='bbox 1906 2862 2117 2935; x_wconf 74' lang='lat' dir='ltr'><strong>Num.</strong></span> <span class='ocrx_word' id='word_1_215' title='bbox 2138 2868 2343 2937; x_wconf 88' lang='lat' dir='ltr'><em>Vind.</em></span> <span class='ocrx_word' id='word_1_216' title='bbox 2375 2892 2445 2959; x_wconf 73' lang='lat' dir='ltr'><strong>p.</strong></span> <span class='ocrx_word' id='word_1_217' title='bbox 2460 2870 2597 2958; x_wconf 80' lang='grc'><em>564.</em></span> 
     </span>
    </p>
   </div>
   <div class='ocr_carea' id='block_1_3' title="bbox 463 2972 2595 4185">
    <p class='ocr_par' dir='ltr' id='par_1_5' title="bbox 524 2972 1332 3063">
     <span class='ocr_line' id='line_1_26' title="bbox 524 2972 1332 3063; baseline -0.006 -22"><span class='ocrx_word' id='word_1_218' title='bbox 524 2976 611 3041; x_wconf 89' lang='lat' dir='ltr'><strong>C.</strong></span> <span class='ocrx_word' id='word_1_219' title='bbox 643 2974 756 3042; x_wconf 89' lang='lat' dir='ltr'><em>ubi</em></span> <span class='ocrx_word' id='word_1_220' title='bbox 779 2974 972 3063; x_wconf 86' lang='lat' dir='ltr'><em>plura</em></span> <span class='ocrx_word' id='word_1_221' title='bbox 997 2972 1332 3055; x_wconf 75' lang='lat' dir='ltr'><em>addemus.</em></span> 
     </span>
    </p>

    <p class='ocr_par' dir='ltr' id='par_1_6' title="bbox 463 3072 2595 3878">
     <span class='ocr_line' id='line_1_27' title="bbox 609 3072 2593 3166; baseline -0.001 -23"><span class='ocrx_word' id='word_1_222' title='bbox 609 3090 772 3165; x_wconf 81' lang='lat'><strong>370.-</strong></span> <span class='ocrx_word' id='word_1_223' title='bbox 787 3078 867 3142; x_wconf 90' lang='lat' dir='ltr'><strong>B.</strong></span> <span class='ocrx_word' id='word_1_224' title='bbox 913 3074 1246 3159; x_wconf 72' lang='grc' dir='ltr'><strong><em>Θεόπομπος</em></strong></span> <span class='ocrx_word' id='word_1_225' title='bbox 1271 3072 1328 3138; x_wconf 75' lang='grc' dir='ltr'><em>δι’</em></span> <span class='ocrx_word' id='word_1_226' title='bbox 1349 3092 1489 3153; x_wconf 77' lang='grc' dir='ltr'><strong><em>’φησι</em></strong></span> <span class='ocrx_word' id='word_1_227' title='bbox 1520 3077 1677 3139; x_wconf 74' lang='grc' dir='ltr'><em>κατὰ</em></span> <span class='ocrx_word' id='word_1_228' title='bbox 1710 3076 1834 3150; x_wconf 80' lang='grc' dir='ltr'><em>τοὺς</em></span> <span class='ocrx_word' id='word_1_229' title='bbox 1872 3074 2229 3163; x_wconf 75' lang='grc' dir='ltr'><em>Μᾶγους-]</em></span> <span class='ocrx_word' id='word_1_230' title='bbox 2264 3076 2593 3166; x_wconf 70' lang='lat' dir='ltr'><em>&#39;Anqueti-</em></span> 
     </span>
     <span class='ocr_line' id='line_1_28' title="bbox 523 3174 2595 3266; baseline -0.001 -21"><span class='ocrx_word' id='word_1_231' title='bbox 523 3180 648 3246; x_wconf 86' lang='lat' dir='ltr'><em>lius</em></span> <span class='ocrx_word' id='word_1_232' title='bbox 689 3178 1023 3245; x_wconf 74' lang='lat' dir='ltr'><em>Petronius</em></span> <span class='ocrx_word' id='word_1_233' title='bbox 1067 3177 1136 3243; x_wconf 88' lang='lat' dir='ltr'><em>in</em></span> <span class='ocrx_word' id='word_1_234' title='bbox 1178 3176 1350 3243; x_wconf 85' lang='lat' dir='ltr'><em>notis</em></span> <span class='ocrx_word' id='word_1_235' title='bbox 1387 3174 1470 3241; x_wconf 87' lang='lat' dir='ltr'><em>ad</em></span> <span class='ocrx_word' id='word_1_236' title='bbox 1510 3175 1997 3243; x_wconf 85' lang='lat' dir='ltr'><em>Zend-avestam</em></span> <span class='ocrx_word' id='word_1_237' title='bbox 2023 3180 2101 3244; x_wconf 91' lang='lat' dir='ltr'><strong>T.</strong></span> <span class='ocrx_word' id='word_1_238' title='bbox 2130 3179 2222 3244; x_wconf 91' lang='lat' dir='ltr'><strong>II.</strong></span> <span class='ocrx_word' id='word_1_239' title='bbox 2253 3198 2323 3266; x_wconf 90' lang='lat' dir='ltr'><strong>p.</strong></span> <span class='ocrx_word' id='word_1_240' title='bbox 2350 3198 2595 3264; x_wconf 79' lang='lat' dir='ltr'><strong>420.·ex</strong></span> 
     </span>
     <span class='ocr_line' id='line_1_29' title="bbox 517 3274 2591 3371; baseline -0 -23"><span class='ocrx_word' id='word_1_241' title='bbox 517 3278 860 3348; x_wconf 85' lang='lat' dir='ltr'><em>Chronico</em></span> <span class='ocrx_word' id='word_1_242' title='bbox 891 3279 1217 3345; x_wconf 80' lang='lat' dir='ltr'><em>Hamzahi</em></span> <span class='ocrx_word' id='word_1_243' title='bbox 1253 3274 1743 3365; x_wconf 83' lang='lat' dir='ltr'><em>Hispahanenfis</em></span> <span class='ocrx_word' id='word_1_244' title='bbox 1785 3278 1949 3345; x_wconf 89' lang='lat' dir='ltr'><em>citat</em></span> <span class='ocrx_word' id='word_1_245' title='bbox 1991 3278 2291 3346; x_wconf 84' lang='lat' dir='ltr'><em>traditam</em></span> <span class='ocrx_word' id='word_1_246' title='bbox 2320 3281 2591 3371; x_wconf 86' lang='lat' dir='ltr'><em>antiqui-</em></span> 
     </span>
     <span class='ocr_line' id='line_1_30' title="bbox 520 3380 2591 3470; baseline 0 -21"><span class='ocrx_word' id='word_1_247' title='bbox 520 3396 630 3451; x_wconf 75' lang='lat' dir='ltr'><em>tus</em></span> <span class='ocrx_word' id='word_1_248' title='bbox 682 3382 1054 3470; x_wconf 86' lang='lat' dir='ltr'><em>opinionem</em></span> <span class='ocrx_word' id='word_1_249' title='bbox 1113 3382 1334 3447; x_wconf 89' lang='lat' dir='ltr'><em>Deum</em></span> <span class='ocrx_word' id='word_1_250' title='bbox 1385 3380 1705 3445; x_wconf 86' lang='lat' dir='ltr'><em>summum</em></span> <span class='ocrx_word' id='word_1_251' title='bbox 1756 3381 1921 3447; x_wconf 87' lang='lat' dir='ltr'><em>-huic</em></span> <span class='ocrx_word' id='word_1_252' title='bbox 1969 3382 2216 3448; x_wconf 89' lang='lat' dir='ltr'><em>mundo</em></span> <span class='ocrx_word' id='word_1_253' title='bbox 2263 3382 2591 3451; x_wconf 84' lang='lat' dir='ltr'><em>duodecim</em></span> 
     </span>
     <span class='ocr_line' id='line_1_31' title="bbox 519 3481 2593 3575; baseline -0.001 -25"><span class='ocrx_word' id='word_1_254' title='bbox 519 3481 700 3551; x_wconf 85' lang='lat' dir='ltr'><em>mille</em></span> <span class='ocrx_word' id='word_1_255' title='bbox 725 3484 928 3549; x_wconf 80' lang='lat' dir='ltr'><em>annos</em></span> <span class='ocrx_word' id='word_1_256' title='bbox 957 3482 1314 3549; x_wconf 85' lang='lat' dir='ltr'><em>durationis</em></span> <span class='ocrx_word' id='word_1_257' title='bbox 1342 3505 1466 3548; x_wconf 91' lang='lat' dir='ltr'><em>con</em></span> <span class='ocrx_word' id='word_1_258' title='bbox 1474 3482 1765 3548; x_wconf 82' lang='lat' dir='ltr'><em>stituiffe:</em></span> <span class='ocrx_word' id='word_1_259' title='bbox 1812 3482 2017 3549; x_wconf 85' lang='lat' dir='ltr'><em>tribus</em></span> <span class='ocrx_word' id='word_1_260' title='bbox 2056 3482 2347 3551; x_wconf 86' lang='lat' dir='ltr'><em>millibus</em></span> <span class='ocrx_word' id='word_1_261' title='bbox 2387 3484 2593 3575; x_wconf 85' lang='lat' dir='ltr'><em>primis</em></span> 
     </span>
     <span class='ocr_line' id='line_1_32' title="bbox 517 3584 2589 3677; baseline 0 -24"><span class='ocrx_word' id='word_1_262' title='bbox 517 3601 588 3653; x_wconf 91' lang='lat' dir='ltr'><em>et</em></span> <span class='ocrx_word' id='word_1_263' title='bbox 613 3586 830 3653; x_wconf 82' lang='lat' dir='ltr'><em>alteris</em></span> <span class='ocrx_word' id='word_1_264' title='bbox 859 3586 1135 3652; x_wconf 89' lang='lat' dir='ltr'><em>liberum</em></span> <span class='ocrx_word' id='word_1_265' title='bbox 1164 3608 1204 3650; x_wconf 88' lang='lat' dir='ltr'><strong>a</strong></span> <span class='ocrx_word' id='word_1_266' title='bbox 1229 3584 1404 3650; x_wconf 87' lang='lat' dir='ltr'><em>malo</em></span> <span class='ocrx_word' id='word_1_267' title='bbox 1440 3584 1657 3649; x_wconf 78' lang='lat' dir='ltr'><em>fuiffe:</em></span> <span class='ocrx_word' id='word_1_268' title='bbox 1707 3585 1941 3677; x_wconf 76' lang='lat' dir='ltr'><em>septies</em></span> <span class='ocrx_word' id='word_1_269' title='bbox 1980 3585 2314 3653; x_wconf 84' lang='lat' dir='ltr'><em>millefimo</em></span> <span class='ocrx_word' id='word_1_270' title='bbox 2342 3588 2589 3654; x_wconf 82' lang='lat' dir='ltr'><em>Arima-</em></span> 
     </span>
     <span class='ocr_line' id='line_1_33' title="bbox 519 3680 2591 3783; baseline -0.001 -26"><span class='ocrx_word' id='word_1_271' title='bbox 519 3689 702 3783; x_wconf 82' lang='lat' dir='ltr'><em>nium</em></span> <span class='ocrx_word' id='word_1_272' title='bbox 743 3688 970 3754; x_wconf 85' lang='lat' dir='ltr'><em>veniffe</em></span> <span class='ocrx_word' id='word_1_273' title='bbox 1005 3680 1075 3754; x_wconf 68' lang='lat' dir='ltr'><em>et&#39;</em></span> <span class='ocrx_word' id='word_1_274' title='bbox 1117 3687 1288 3753; x_wconf 75' lang='lat' dir='ltr'><strong>mala</strong></span> <span class='ocrx_word' id='word_1_275' title='bbox 1328 3686 1518 3753; x_wconf 85' lang='lat' dir='ltr'><em>bonis</em></span> <span class='ocrx_word' id='word_1_276' title='bbox 1559 3686 1975 3753; x_wconf 82' lang='lat' dir='ltr'><em>admiscuiffe.</em></span> <span class='ocrx_word' id='word_1_277' title='bbox 2058 3691 2391 3755; x_wconf 83' lang='lat' dir='ltr'><em>Memorat</em></span> <span class='ocrx_word' id='word_1_278' title='bbox 2434 3691 2591 3757; x_wconf 84' lang='lat' dir='ltr'><em>idem</em></span> 
     </span>
     <span class='ocr_line' id='line_1_34' title="bbox 463 3783 1410 3878; baseline -0.005 -20"><span class='ocrx_word' id='word_1_279' title='bbox 463 3854 484 3859; x_wconf 81' lang='grc'><strong><em>,</em></strong></span> <span class='ocrx_word' id='word_1_280' title='bbox 517 3783 698 3858; x_wconf 78' lang='lat' dir='ltr'><em>hunc</em></span> <span class='ocrx_word' id='word_1_281' title='bbox 727 3790 1138 3878; x_wconf 89' lang='lat' dir='ltr'><em>Theopompi</em></span> <span class='ocrx_word' id='word_1_282' title='bbox 1164 3788 1410 3856; x_wconf 86' lang='lat' dir='ltr'><em>locum.</em></span> 
     </span>
    </p>

    <p class='ocr_par' dir='ltr' id='par_1_7' title="bbox 516 3890 2589 4185">
     <span class='ocr_line' id='line_1_35' title="bbox 601 3890 2589 3981; baseline 0.002 -23"><span class='ocrx_word' id='word_1_283' title='bbox 601 3910 756 3981; x_wconf 88' lang='lat'><strong>370.</strong></span> <span class='ocrx_word' id='word_1_284' title='bbox 789 3892 869 3959; x_wconf 87' lang='lat' dir='ltr'><strong>C.</strong></span> <span class='ocrx_word' id='word_1_285' title='bbox 915 3895 1195 3957; x_wconf 75' lang='grc' dir='ltr'><em>Χαλδαῖοι</em></span> <span class='ocrx_word' id='word_1_286' title='bbox 1223 3890 1394 3977; x_wconf 78' lang='grc' dir='ltr'><em>δέ-]</em></span> <span class='ocrx_word' id='word_1_287' title='bbox 1441 3890 1695 3957; x_wconf 86' lang='lat' dir='ltr'><em>Diserte</em></span> <span class='ocrx_word' id='word_1_288' title='bbox 1725 3891 2055 3957; x_wconf 81' lang='lat' dir='ltr'><em>Chaldaeis</em></span> <span class='ocrx_word' id='word_1_289' title='bbox 2076 3892 2347 3981; x_wconf 86' lang='lat' dir='ltr'><em>affignat</em></span> <span class='ocrx_word' id='word_1_290' title='bbox 2372 3897 2589 3961; x_wconf 82' lang='lat' dir='ltr'><em>Sextus</em></span> 
     </span>
     <span class='ocr_line' id='line_1_36' title="bbox 516 4092 2590 4185; baseline -0.001 -23"><span class='ocrx_word' id='word_1_291' title='bbox 516 4096 882 4185; x_wconf 53' lang='lat' dir='ltr'><em>abynoen-omits</em></span> <span class='ocrx_word' id='word_1_292' title='bbox 910 4095 1044 4161; x_wconf 67' lang='grc' dir='ltr'><strong><em>εἷναι</em></strong></span> <span class='ocrx_word' id='word_1_293' title='bbox 1084 4094 1426 4179; x_wconf 72' lang='grc' dir='ltr'><strong>λέγουσιν,ἰ·</strong></span> <span class='ocrx_word' id='word_1_294' title='bbox 1399 4122 1473 4158; x_wconf 75' lang='grc' dir='ltr'><em>ειν</em></span> <span class='ocrx_word' id='word_1_295' title='bbox 1464 4092 1565 4170; x_wconf 86' lang='grc' dir='ltr'><em>ὀυς</em></span> <span class='ocrx_word' id='word_1_296' title='bbox 1608 4097 1664 4159; x_wconf 69' lang='grc' dir='ltr'><em>δὲ</em></span> <span class='ocrx_word' id='word_1_297' title='bbox 1706 4097 2052 4176; x_wconf 76' lang='grc' dir='ltr'><strong><em>κακοποιοὺς,</em></strong></span> <span class='ocrx_word' id='word_1_298' title='bbox 2080 4102 2231 4172; x_wconf 74' lang='grc' dir='ltr'><strong><em>τινὰς</em></strong></span> <span class='ocrx_word' id='word_1_299' title='bbox 2260 4098 2318 4161; x_wconf 78' lang='lat'><em>83</em></span> <span class='ocrx_word' id='word_1_300' title='bbox 2358 4102 2457 4164; x_wconf 71' lang='grc' dir='ltr'><em>καὶ</em></span> <span class='ocrx_word' id='word_1_301' title='bbox 2486 4123 2590 4163; x_wconf 79' lang='grc' dir='ltr'><em>κοι-</em></span> 
     </span>
    </p>
   </div>
   <div class='ocr_carea' id='block_1_4' title="bbox 471 4196 2588 4385">
    <p class='ocr_par' dir='ltr' id='par_1_8' title="bbox 471 4196 2588 4385">
     <span class='ocr_line' id='line_1_37' title="bbox 512 4196 2588 4289; baseline 0 -27"><span class='ocrx_word' id='word_1_302' title='bbox 512 4196 648 4273; x_wconf 69' lang='grc' dir='ltr'><strong><em>νούς·</em></strong></span> <span class='ocrx_word' id='word_1_303' title='bbox 693 4197 798 4259; x_wconf 77' lang='grc' dir='ltr'><strong>οἶον</strong></span> <span class='ocrx_word' id='word_1_304' title='bbox 845 4196 1204 4283; x_wconf 71' lang='grc' dir='ltr'><em>ἀγαθοποιοὺς</em></span> <span class='ocrx_word' id='word_1_305' title='bbox 1250 4196 1353 4276; x_wconf 63' lang='grc' dir='ltr'><em>μὲν</em></span> <span class='ocrx_word' id='word_1_306' title='bbox 1394 4196 1489 4260; x_wconf 75' lang='grc' dir='ltr'><em>τὸν</em></span> <span class='ocrx_word' id='word_1_307' title='bbox 1529 4202 1629 4261; x_wconf 76' lang='grc' dir='ltr'><em>τοῦ</em></span> <span class='ocrx_word' id='word_1_308' title='bbox 1672 4200 1826 4273; x_wconf 80' lang='grc' dir='ltr'><em>Διὸς</em></span> <span class='ocrx_word' id='word_1_309' title='bbox 1848 4200 1945 4262; x_wconf 70' lang='grc' dir='ltr'><em>καὶ</em></span> <span class='ocrx_word' id='word_1_310' title='bbox 1986 4198 2082 4263; x_wconf 70' lang='grc' dir='ltr'><em>τὸν</em></span> <span class='ocrx_word' id='word_1_311' title='bbox 2120 4204 2217 4277; x_wconf 79' lang='grc' dir='ltr'><em>τῆς</em></span> <span class='ocrx_word' id='word_1_312' title='bbox 2255 4198 2588 4289; x_wconf 61' lang='grc' dir='ltr'><em>,Αφςοδῐηςθ</em></span> 
     </span>
     <span class='ocr_line' id='line_1_38' title="bbox 471 4294 2586 4385; baseline 0.002 -22"><span class='ocrx_word' id='word_1_313' title='bbox 471 4342 478 4349; x_wconf 76' lang='lat'><strong>·</strong></span> <span class='ocrx_word' id='word_1_314' title='bbox 511 4296 836 4373; x_wconf 62' lang='grc' dir='ltr'><em>καὶποιοὺς</em></span> <span class='ocrx_word' id='word_1_315' title='bbox 875 4298 930 4362; x_wconf 72' lang='lat'><em>83</em></span> <span class='ocrx_word' id='word_1_316' title='bbox 959 4297 1056 4362; x_wconf 73' lang='grc' dir='ltr'><em>τὸν</em></span> <span class='ocrx_word' id='word_1_317' title='bbox 1095 4302 1192 4383; x_wconf 69' lang='grc' dir='ltr'><em>τοῦ</em></span> <span class='ocrx_word' id='word_1_318' title='bbox 1221 4294 1416 4385; x_wconf 77' lang='grc' dir='ltr'><strong><em>Ἄρεος</em></strong></span> <span class='ocrx_word' id='word_1_319' title='bbox 1446 4298 1543 4362; x_wconf 73' lang='grc' dir='ltr'><em>καὶ</em></span> <span class='ocrx_word' id='word_1_320' title='bbox 1571 4297 1801 4385; x_wconf 70' lang='grc' dir='ltr'><strong><em>Κρόνου·</em></strong></span> <span class='ocrx_word' id='word_1_321' title='bbox 1828 4300 2315 4366; x_wconf 46' lang='lat' dir='ltr'><em>auctumni-sav</em></span> <span class='ocrx_word' id='word_1_322' title='bbox 2339 4303 2586 4385; x_wconf 72' lang='grc' dir='ltr'><em>τοῦῖ-Ἑρ·</em></span> 
     </span>
    </p>
   </div>
  </div>
 </body>
</html>
