2850 4817
415 380 946 445 QUAEs'noNsss
985 380 1353 441 GRAECAS.
1395 400 1455 461 p.
1484 400 1623 458 30²·
1654 382 1927 457 A—303.
1953 384 2023 442 A.
2186 401 2261 463 73

278 562 340 627 p.
369 560 524 627 302.
549 542 638 605 A.
667 539 822 627 μς·’.]
875 538 1116 605 Tralles
1153 539 1449 607 conditae
1488 541 1573 606 ab
1604 539 1867 630 Argivis
1902 552 1973 607 et
2000 540 2263 630 quibus-

207 642 340 707 dam
379 642 762 720 Thracibus,
805 641 978 707 unde
1027 663 1264 709 nomen
1309 642 1455 709 urbi
1496 641 1747 723 veniffe,
1788 640 1986 709 tradit
2032 640 2267 735 Strabo

206 744 370 809 XIV.
398 765 466 830 p.
498 745 648 830 960.
679 744 734 809 B
759 768 776 808 ε
823 743 1044 829 κτίσμα
1086 743 1144 809 86
1183 762 1352 829 φασιν
1387 743 1521 809 εἶναι
1552 748 1659 821 τὰς
1682 744 1967 832 Τράλλεις
1990 743 2267 831 Ἀργείων

207 844 296 907 καί
327 871 481 909 τινων
523 849 794 932 Θρακῶν,
837 847 930 926 ἀφ’
969 843 1041 909 ὦν
1076 845 1336 929 τοῦνομα·
1395 836 1545 933 qdae
1582 847 1773 913 verba
1808 844 2028 911 minua
2067 844 2267 911 intel·

207 945 358 1013 ledia
401 970 644 1035 magno
689 947 1092 1027 casaubono,
1139 948 1312 1015 reete
1361 947 1657 1035 exposuit
1706 949 1800 1013 H.
1850 948 2135 1015 Valefiua
2180 948 2267 1015 ad

210 1049 586 1136 Hesychium
614 1051 785 1116 Voc.
828 1049 1134 1135 Τράλλεις,
1164 1071 1360 1137 quem
1387 1050 1715 1117 Thracum
1745 1048 1923 1115 fuiffe
1948 1048 2265 1137 populum

209 1150 380 1216 etiam
419 1150 684 1217 aliunde
727 1151 992 1216 constat.
1037 1174 1100 1216 v.
1133 1173 1194 1217 c.
1239 1152 1584 1219 Plutarcho
1619 1151 1967 1239 Apophth.
2008 1153 2165 1218 Lac.
2194 1174 2265 1240 p.

213 1272 338 1319 211.
362 1255 451 1318 D.
495 1252 798 1341 Agefilao
825 1274 892 1340 Ρ.
920 1256 1070 1336 604.
1100 1255 1190 1318 D.
1219 1266 1287 1319 et
1311 1254 1453 1319 aliis
1482 1254 1965 1343 aWeffelingio
1988 1254 2072 1319 ad
2098 1254 2265 1321 Dio-

213 1354 412 1421 dorum
447 1354 590 1447 Sic.
619 1357 700 1421 T.
732 1356 824 1419 II.
855 1377 924 1441 p.
957 1375 1105 1423 210.
1137 1357 1399 1422 notatis.
1492 1356 1672 1422 Prius
1714 1356 1959 1424 Anthea
2002 1356 2263 1424 diceba·

209 1469 318 1536 tur,
353 1470 427 1523 ut
462 1456 692 1523 auctor
719 1456 808 1521 est
829 1458 1198 1546 Stephanus
1223 1458 1386 1547 Byz.
1415 1458 1482 1523 in
1507 1458 1788 1543 Τράλλις,
1818 1456 1932 1523 ubi
1961 1458 2263 1525 consula-

210 1572 298 1625 tur
337 1558 726 1626 Holstenius.
816 1561 894 1625 In
923 1560 1050 1626 fine
1077 1583 1196 1649 pro
1217 1559 1591 1649 Τραλλιανδν,
1618 1560 1777 1627 Ald.
1806 1560 1951 1627 Bas.
1982 1562 2059 1626 E.
2088 1561 2263 1628 Voff.

212 1663 269 1727 P.
293 1662 442 1729 dant
468 1668 865 1751 Τραλλιανῶν,
894 1662 1214 1729 disertius.

277 1784 413 1850 302.
442 1767 520 1830 Β.
549 1764 698 1852 μζ.]
761 1766 1166 1833 Proverbiutn
1221 1788 1300 1831 ex
1342 1765 1471 1833 hoc
1513 1787 1649 1831 uno
1690 1765 1839 1834 Ioco
1880 1766 2153 1833 relatum
2196 1768 2265 1833 in

213 1864 622 1933 stromateum
667 1867 944 1947 schotti,
981 1888 1184 1955 1013:
1231 1867 1530 1957 Δεινᾶτεςα
1570 1867 1789 1954 πίω-χει
1824 1864 2150 1950 zusamm-
2198 1880 2269 1935 et

213 1968 424 2034 Erasmi
449 1969 674 2056 Adag.
703 1990 772 2057 p.
803 1972 955 2057 966.

283 2088 419 2155 302.
446 2071 528 2134 C.
558 2068 708 2155 μη’.]
759 2070 1148 2160 Leucippides
1188 2094 1334 2158 quae
1379 2071 1647 2148 fuerint,
1680 2071 1924 2135 constat
1948 2093 2027 2136 ex
2052 2071 2267 2159 Apol·

212 2169 406 2237 lodoro
431 2174 556 2238 VI.
591 2193 698 2252 10,
729 2192 804 2258 3:
852 2193 954 2252 11,
987 2191 1052 2241 2.
1091 2172 1205 2238 ubi
1243 2171 1671 2239 consulendus
1710 2172 2052 2259 Heyniust
2100 2174 2266 2239 Pau·

215 2272 358 2338 fania
379 2274 500 2340 111.
537 2296 646 2355 12,
683 2295 786 2361 13,
823 2278 926 2341 16.
955 2298 1118 2363 quos
1147 2288 1215 2341 et
1243 2274 1402 2340 alios
1441 2273 1663 2339 citavit
1690 2274 2007 2341 Meurfius
2036 2272 2105 2339 in
2136 2274 2265 2342 hoe

215 2392 565 2463 argumento
611 2376 890 2443 Miscell.
935 2380 1178 2444 Lacon.
1219 2379 1312 2461 II.
1357 2395 1461 2463 15.
1486 2375 1613 2443 .sed
1660 2375 1744 2442 de
1784 2375 1997 2441 Uliffis
2038 2375 2269 2443 sacello

215 2500 321 2543 non
362 2480 464 2545 nifi
510 2481 691 2545 hunc
739 2480 1064 2545 Plutarchi
1105 2480 1324 2545 locum
1366 2479 1637 2568 apponit
1676 2481 1732 2544 I.
1768 2498 1835 2561 4.
1884 2478 2265 2545 'Palladium

211 2578 318 2645 hoc
341 2582 523 2647 multi
551 2581 734 2669 apud
759 2583 822 2647 se
851 2582 974 2647 effe
999 2581 1445 2668 gloriabantur
1471 2580 1735 2669 populi.
1782 2580 1848 2645 in
1878 2581 1981 2647 his
2008 2580 2265 2671 Argivi,

214 2697 276 2747 ut
313 2684 640 2751 Pausanias
682 2685 898 2772 prodit
937 2687 1027 2749 II.
1073 2704 1178 2771 23.
1219 2684 1300 2750 de
1346 2684 1487 2749 aliis
1524 2683 1819 2771 exposuit
1854 2684 2153 2773 Heynius
2181 2684 2267 2751 ad

215 2772 416 2873 virgil.
447 2790 606 2853 AEn.
643 2788 734 2851 II.
765 2803 1128 2875 293—297.
1172 2786 1435 2852 Excurs.
1467 2788 1590 2851 IX.

281 2908 419 2972 302.
442 2894 520 2955 E.
549 2889 666 2973 μθ.
669 2892 696 2975 ]
730 2892 916 2954 AEtas
949 2889 1176 2955 saltem
1203 2887 1471 2953 instituti
1490 2886 1687 2953 moris
1708 2888 1951 2953 constat
1972 2909 2052 2953 ex
2076 2898 2269 2953 aetate
2414 2947 2429 2962 ,

214 2990 490 3077 Zeipoetae
543 2992 722 3079 regis
775 2991 1130 3079 Bithyniae
1157 2990 1343 3078 cujus
1401 3010 1677 3076 regnum
1734 2988 1817 3053 ab
1873 2988 2268 3075 Olympiade

214 3090 438 3159 CXIII.
471 3116 532 3160 1.
579 3094 668 3159 ad
712 3093 1023 3159 CXXIV.
1062 3114 1133 3176 4.
1173 3092 1398 3157 definit
1445 3090 1832 3158 Vaillantius
1878 3089 1943 3153 in
1986 3089 2269 3155 Historia

211 3193 796 3263 Achaemenidarum
847 3217 914 3282 Ρ.
959 3216 1112 3282 301,
1167 3194 1344 3259 hunc
1395 3206 1611 3258 tamen
1669 3189 1997 3256 Plutarchi
2047 3189 2267 3257 locum

211 3297 525 3365 omittens:
574 3320 774 3386 quem
819 3298 1088 3364 adhibet
1117 3296 1473 3375 Palmerius
1492 3294 1575 3361 ad
1602 3294 1875 3362 Diodor.
1905 3292 2033 3360 Sic.
2060 3296 2141 3359 T.
2174 3296 2265 3359 ΙΙ.

211 3416 265 3481 Ρ.
289 3402 429 3484 364.
519 3398 984 3467 Chalcedoniis
1014 3422 1163 3466 cum
1195 3398 1530 3487 Byzantiis
1572 3396 1967 3461 interceffiffe
1996 3396 2265 3462 societa-

213 3511 326 3565 tem
347 3504 564 3570 multis
598 3502 908 3590 exemplis
935 3501 1386 3589 cognoscitur:
1434 3498 1759 3565 civitatem
1788 3497 2010 3578 etiam,
2038 3497 2269 3565 diserte

213 3604 400 3687 prodit
423 3608 792 3672 Athenaeus
820 3607 980 3670 XII.
1009 3628 1078 3691 p.
1105 3606 1261 3689 526.
1295 3606 1366 3669 F.

281 3728 340 3792 Ρ.
366 3728 518 3795 303.
554 3710 642 3774 Α.
673 3706 716 3771 ν’
721 3710 768 3793 .]
817 3707 1066 3796 Agenor
1101 3706 1380 3793 Argivus
1423 3704 1611 3770 suum
1654 3703 1903 3770 habet
1885 3728 1952 3769 m
1982 3700 2267 3770 vetustis-

213 3805 340 3880 fima
377 3811 742 3878 fabularum
789 3809 1150 3877 traditione
1175 3802 1420 3873 Iocum.
1497 3805 1934 3893 Apollodorus
1972 3809 2065 3872 II.
2105 3826 2167 3887 1,
2204 3826 2269 3873 2.

209 3909 373 3999 Argi,
418 3915 758 3980 Phoroneo
788 3912 948 3991 nati,
979 3934 1058 3977 ex
1085 3910 1216 3976 filio
1240 3911 1410 3989 Jaso,
1440 3922 1745 3997 nepotem
1773 3909 2011 3995 prodit.
2097 3906 2264 3973 Hel-

210 4012 428 4081 lanicus
468 4016 649 4104 apud
689 4013 1094 4081 Eustathium
1137 4013 1220 4078 ad
1265 4012 1450 4079 Iliad.
1487 4017 1561 4077 Γ.
1602 4033 1668 4098 p.
1706 4011 1860 4097 385.
1952 4008 2271 4075 Phoronei

211 4114 412 4199 filium,
458 4118 704 4206 Pelasgi
741 4118 994 4205 Jafique
1035 4116 1321 4183 fratrem.
1413 4114 1750 4191 Pausanias
1782 4114 1873 4178 11.
1912 4113 2012 4175 16.
2045 4109 2273 4198 quinta

211 4219 602 4300 generatione
635 4220 700 4284 in
734 4218 991 4306 posteris
1024 4216 1366 4296 phoronei,
1399 4238 1551 4281 cum
1581 4216 1775 4281 fratre
1803 4213 1950 4279 Jaso
1978 4209 2192 4299 ponit.
2327 4230 2336 4237 ·

285 4336 424 4405 303.
471 4321 560 4386 A.
609 4320 746 4405 vast]
808 4318 1066 4387 Refiius
1126 4318 1246 4383 effe
1303 4323 1367 4381 ἐκ
1424 4324 1531 4381 τῶν
1587 4316 1739 4405 ὅρὤν,
1786 4337 1863 4379 ex
1910 4312 2270 4391 montibus,
