<?xml version="1.0" encoding="UTF-8"?>
<!DOCTYPE html PUBLIC "-//W3C//DTD XHTML 1.0 Transitional//EN"
    "http://www.w3.org/TR/xhtml1/DTD/xhtml1-transitional.dtd">
<html xmlns="http://www.w3.org/1999/xhtml" xml:lang="en" lang="en">
 <head>
  <title>
</title>
<meta http-equiv="Content-Type" content="text/html;charset=utf-8" />
  <meta name='ocr-system' content='tesseract 3.04.00' />
  <meta name='ocr-capabilities' content='ocr_page ocr_carea ocr_par ocr_line ocrx_word'/>
</head>
<body>
  <div class='ocr_page' id='page_1' title='image "./ploutarchoutouc10unkngoog_0280.png"; bbox 0 0 2850 4817; ppageno 0'>
   <div class='ocr_carea' id='block_1_1' title="bbox 598 320 2391 437">
    <p class='ocr_par' dir='ltr' id='par_1_1' title="bbox 598 320 2391 437">
     <span class='ocr_line' id='line_1_1' title="bbox 598 320 2391 437; baseline 0.001 -18"><span class='ocrx_word' id='word_1_1' title='bbox 598 360 712 420; x_wconf 60' lang='grc' dir='ltr'><em>,σε</em></span> <span class='ocrx_word' id='word_1_2' title='bbox 872 358 972 417; x_wconf 71' lang='lat' dir='ltr'><strong>J).</strong></span> <span class='ocrx_word' id='word_1_3' title='bbox 1015 358 1548 437; x_wconf 53' lang='lat' dir='ltr'><strong>w.,AN1MADV.</strong></span> <span class='ocrx_word' id='word_1_4' title='bbox 1590 360 1680 423; x_wconf 70' lang='lat' dir='ltr'><em>ut</em></span> <span class='ocrx_word' id='word_1_5' title='bbox 1704 320 2191 420; x_wconf 49' lang='lat' dir='ltr'><strong>&#39;PLUTARcm</strong></span> <span class='ocrx_word' id='word_1_6' title='bbox 2232 364 2391 421; x_wconf 75' lang='lat' dir='ltr'><strong>Lm.</strong></span> 
     </span>
    </p>
   </div>
   <div class='ocr_carea' id='block_1_2' title="bbox 529 517 2686 4384">
    <p class='ocr_par' dir='ltr' id='par_1_2' title="bbox 557 517 2645 1721">
     <span class='ocr_line' id='line_1_2' title="bbox 590 517 2645 607; baseline 0.002 -26"><span class='ocrx_word' id='word_1_7' title='bbox 590 518 704 582; x_wconf 88' lang='lat' dir='ltr'><em>lem</em></span> <span class='ocrx_word' id='word_1_8' title='bbox 741 542 974 591; x_wconf 82' lang='lat' dir='ltr'><em>numero</em></span> <span class='ocrx_word' id='word_1_9' title='bbox 1010 517 1282 595; x_wconf 75' lang='lat' dir='ltr'><em>ambitm,</em></span> <span class='ocrx_word' id='word_1_10' title='bbox 1317 518 1616 583; x_wconf 84' lang='lat' dir='ltr'><em>minimum</em></span> <span class='ocrx_word' id='word_1_11' title='bbox 1648 526 1841 583; x_wconf 74' lang='lat' dir='ltr'><em>tdmen</em></span> <span class='ocrx_word' id='word_1_12' title='bbox 1870 517 2147 585; x_wconf 81' lang='lat' dir='ltr'><em>dicendus</em></span> <span class='ocrx_word' id='word_1_13' title='bbox 2174 520 2251 607; x_wconf 76' lang='lat' dir='ltr'><em>est</em></span> <span class='ocrx_word' id='word_1_14' title='bbox 2276 523 2365 585; x_wconf 88' lang='lat' dir='ltr'><em>ad</em></span> <span class='ocrx_word' id='word_1_15' title='bbox 2387 524 2543 587; x_wconf 81' lang='lat' dir='ltr'><em>hanc</em></span> <span class='ocrx_word' id='word_1_16' title='bbox 2566 546 2645 586; x_wconf 86' lang='lat' dir='ltr'><em>re-</em></span> 
     </span>
     <span class='ocr_line' id='line_1_3' title="bbox 593 616 2644 710; baseline 0.001 -27"><span class='ocrx_word' id='word_1_17' title='bbox 593 619 768 683; x_wconf 82' lang='lat' dir='ltr'><em>medii</em></span> <span class='ocrx_word' id='word_1_18' title='bbox 792 617 1214 707; x_wconf 77' lang='lat' dir='ltr'><em>fizlubritatem</em></span> <span class='ocrx_word' id='word_1_19' title='bbox 1264 616 1544 704; x_wconf 54' lang='lat' dir='ltr'><em>conferre,</em></span> <span class='ocrx_word' id='word_1_20' title='bbox 1574 621 1697 705; x_wconf 77' lang='lat' dir='ltr'><em>fid</em></span> <span class='ocrx_word' id='word_1_21' title='bbox 1729 618 2011 707; x_wconf 64' lang='lat' dir='ltr'><em>plurimae</em></span> <span class='ocrx_word' id='word_1_22' title='bbox 2062 621 2464 685; x_wconf 69' lang='lat' dir='ltr'><em>adhibiturum</em></span> <span class='ocrx_word' id='word_1_23' title='bbox 2494 636 2644 710; x_wconf 80' lang='lat' dir='ltr'><em>‘par-</em></span> 
     </span>
     <span class='ocr_line' id='line_1_4' title="bbox 589 721 2644 812; baseline 0.001 -26"><span class='ocrx_word' id='word_1_24' title='bbox 589 723 755 799; x_wconf 77' lang='lat' dir='ltr'><em>tium,</em></span> <span class='ocrx_word' id='word_1_25' title='bbox 782 722 1132 785; x_wconf 83' lang='lat' dir='ltr'><em>aromaticas</em></span> <span class='ocrx_word' id='word_1_26' title='bbox 1161 721 1489 784; x_wconf 82' lang='lat' dir='ltr'><em>habentium</em></span> <span class='ocrx_word' id='word_1_27' title='bbox 1518 722 1674 785; x_wconf 82' lang='lat' dir='ltr'><em>vires</em></span> <span class='ocrx_word' id='word_1_28' title='bbox 1690 746 1718 798; x_wconf 76' lang='lat'><em>,-</em></span> <span class='ocrx_word' id='word_1_29' title='bbox 1763 722 1985 786; x_wconf 80' lang='lat' dir='ltr'><em>dulcem</em></span> <span class='ocrx_word' id='word_1_30' title='bbox 2014 724 2163 787; x_wconf 82' lang='lat' dir='ltr'><em>enim</em></span> <span class='ocrx_word' id='word_1_31' title='bbox 2169 723 2454 812; x_wconf 82' lang='lat' dir='ltr'><em>spiritum</em></span> <span class='ocrx_word' id='word_1_32' title='bbox 2484 738 2541 789; x_wconf 89' lang='lat' dir='ltr'><em>et</em></span> <span class='ocrx_word' id='word_1_33' title='bbox 2562 726 2644 789; x_wconf 82' lang='lat' dir='ltr'><em>be-</em></span> 
     </span>
     <span class='ocr_line' id='line_1_5' title="bbox 589 821 2643 910; baseline 0.002 -23"><span class='ocrx_word' id='word_1_34' title='bbox 589 823 837 910; x_wconf 82' lang='lat' dir='ltr'><em>nignam</em></span> <span class='ocrx_word' id='word_1_35' title='bbox 879 821 1300 886; x_wconf 72' lang='lat' dir='ltr'><em>exhalatioriem</em></span> <span class='ocrx_word' id='word_1_36' title='bbox 1342 822 1717 887; x_wconf 82' lang='lat' dir='ltr'><em>emittunt—·.</em></span> <span class='ocrx_word' id='word_1_37' title='bbox 1807 824 1912 887; x_wconf 88' lang='lat' dir='ltr'><em>De</em></span> <span class='ocrx_word' id='word_1_38' title='bbox 1950 838 2217 889; x_wconf 79' lang='lat' dir='ltr'><em>numero</em></span> <span class='ocrx_word' id='word_1_39' title='bbox 2255 826 2354 903; x_wconf 91' lang='lat'><em>16,</em></span> <span class='ocrx_word' id='word_1_40' title='bbox 2384 824 2643 891; x_wconf 79' lang='lat' dir='ltr'><strong>diximus</strong></span> 
     </span>
     <span class='ocr_line' id='line_1_6' title="bbox 589 924 2645 1013; baseline 0.001 -24"><span class='ocrx_word' id='word_1_41' title='bbox 589 946 654 1011; x_wconf 89' lang='lat' dir='ltr'><em>p.</em></span> <span class='ocrx_word' id='word_1_42' title='bbox 677 927 828 1009; x_wconf 83' lang='lat'><strong>367.</strong></span> <span class='ocrx_word' id='word_1_43' title='bbox 871 926 940 987; x_wconf 87' lang='lat' dir='ltr'><em>F.</em></span> <span class='ocrx_word' id='word_1_44' title='bbox 981 937 1048 989; x_wconf 83' lang='lat' dir='ltr'><em>et</em></span> <span class='ocrx_word' id='word_1_45' title='bbox 1085 924 1245 1011; x_wconf 81' lang='lat' dir='ltr'><em>quid</em></span> <span class='ocrx_word' id='word_1_46' title='bbox 1285 924 1448 988; x_wconf 83' lang='lat' dir='ltr'><em>illud</em></span> <span class='ocrx_word' id='word_1_47' title='bbox 1487 926 1580 1005; x_wconf 86' lang='lat' dir='ltr'><em>fit,</em></span> <span class='ocrx_word' id='word_1_48' title='bbox 1612 925 1789 1013; x_wconf 86' lang='lat' dir='ltr'><em>quod</em></span> <span class='ocrx_word' id='word_1_49' title='bbox 1817 928 1913 1003; x_wconf 82' lang='grc' dir='ltr'><strong><em>τὴν</em></strong></span> <span class='ocrx_word' id='word_1_50' title='bbox 1939 926 2255 1012; x_wconf 69' lang='grc' dir='ltr'><strong><em>περίμετρον</em></strong></span> <span class='ocrx_word' id='word_1_51' title='bbox 2284 926 2404 1013; x_wconf 69' lang='grc' dir='ltr'><strong><em>ἴσην</em></strong></span> <span class='ocrx_word' id='word_1_52' title='bbox 2435 928 2550 1013; x_wconf 78' lang='grc' dir='ltr'><strong><em>ἔχει</em></strong></span> <span class='ocrx_word' id='word_1_53' title='bbox 2576 930 2645 1013; x_wconf 70' lang='grc' dir='ltr'><em>τῷ</em></span> 
     </span>
     <span class='ocr_line' id='line_1_7' title="bbox 585 1026 2638 1127; baseline 0.002 -36"><span class='ocrx_word' id='word_1_54' title='bbox 585 1027 812 1114; x_wconf 72' lang='grc' dir='ltr'><strong><em>χωρίῳε</em></strong></span> <span class='ocrx_word' id='word_1_55' title='bbox 843 1050 995 1091; x_wconf 88' lang='lat' dir='ltr'><em>nam</em></span> <span class='ocrx_word' id='word_1_56' title='bbox 1015 1047 1060 1113; x_wconf 87' lang='lat'>4</span> <span class='ocrx_word' id='word_1_57' title='bbox 1085 1026 1589 1127; x_wconf 86' lang='lat' dir='ltr'><em>multiplicatum</em></span> <span class='ocrx_word' id='word_1_58' title='bbox 1618 1051 1731 1114; x_wconf 81' lang='lat' dir='ltr'><em>per</em></span> <span class='ocrx_word' id='word_1_59' title='bbox 1757 1050 1822 1110; x_wconf 91' lang='lat'><em>4,</em></span> <span class='ocrx_word' id='word_1_60' title='bbox 1831 1028 1941 1093; x_wconf 88' lang='lat' dir='ltr'><em>est</em></span> <span class='ocrx_word' id='word_1_61' title='bbox 1974 1031 2082 1094; x_wconf 79' lang='lat'><em>16:</em></span> <span class='ocrx_word' id='word_1_62' title='bbox 2116 1042 2182 1094; x_wconf 85' lang='lat' dir='ltr'><em>et</em></span> <span class='ocrx_word' id='word_1_63' title='bbox 2212 1052 2257 1112; x_wconf 91' lang='lat'>4</span> <span class='ocrx_word' id='word_1_64' title='bbox 2284 1044 2509 1117; x_wconf 85' lang='lat' dir='ltr'>quater</span> <span class='ocrx_word' id='word_1_65' title='bbox 2532 1052 2638 1117; x_wconf 88' lang='lat' dir='ltr'><em>po-</em></span> 
     </span>
     <span class='ocr_line' id='line_1_8' title="bbox 591 1128 2640 1225; baseline 0 -32"><span class='ocrx_word' id='word_1_66' title='bbox 591 1130 777 1193; x_wconf 86' lang='lat' dir='ltr'><em>fitum</em></span> <span class='ocrx_word' id='word_1_67' title='bbox 816 1128 971 1195; x_wconf 87' lang='lat' dir='ltr'><em>item</em></span> <span class='ocrx_word' id='word_1_68' title='bbox 1007 1130 1092 1195; x_wconf 89' lang='lat' dir='ltr'><em>est</em></span> <span class='ocrx_word' id='word_1_69' title='bbox 1123 1131 1227 1194; x_wconf 89' lang='lat'><em>16.</em></span> <span class='ocrx_word' id='word_1_70' title='bbox 1318 1131 1514 1194; x_wconf 89' lang='lat' dir='ltr'><em>Porro</em></span> <span class='ocrx_word' id='word_1_71' title='bbox 1553 1129 1842 1194; x_wconf 87' lang='lat' dir='ltr'><em>dicitur’</em></span> <span class='ocrx_word' id='word_1_72' title='bbox 1826 1132 2007 1206; x_wconf 78' lang='grc' dir='ltr'><strong><em>ισίικις</em></strong></span> <span class='ocrx_word' id='word_1_73' title='bbox 2045 1130 2182 1211; x_wconf 81' lang='grc' dir='ltr'><strong><em>’ίσ-ος,</em></strong></span> <span class='ocrx_word' id='word_1_74' title='bbox 2214 1132 2529 1225; x_wconf 63' lang='lat' dir='ltr'><em>aequaliter</em></span> <span class='ocrx_word' id='word_1_75' title='bbox 2564 1157 2640 1194; x_wconf 86' lang='lat' dir='ltr'><em>ae-</em></span> 
     </span>
     <span class='ocr_line' id='line_1_9' title="bbox 592 1231 2641 1322; baseline 0.002 -27"><span class='ocrx_word' id='word_1_76' title='bbox 592 1232 815 1321; x_wconf 82' lang='lat' dir='ltr'><em>qualis,</em></span> <span class='ocrx_word' id='word_1_77' title='bbox 860 1231 907 1296; x_wconf 90' lang='lat' dir='ltr'><em>i.</em></span> <span class='ocrx_word' id='word_1_78' title='bbox 948 1255 1005 1297; x_wconf 91' lang='lat' dir='ltr'><strong>e.</strong></span> <span class='ocrx_word' id='word_1_79' title='bbox 1045 1245 1153 1317; x_wconf 79' lang='lat' dir='ltr'><em>per</em></span> <span class='ocrx_word' id='word_1_80' title='bbox 1182 1232 1258 1319; x_wconf 74' lang='lat' dir='ltr'><em>fi·</em></span> <span class='ocrx_word' id='word_1_81' title='bbox 1304 1232 1422 1318; x_wconf 77' lang='lat' dir='ltr'><em>ipse</em></span> <span class='ocrx_word' id='word_1_82' title='bbox 1470 1231 1914 1319; x_wconf 74' lang='lat' dir='ltr'><em>multiplicatu5‚</em></span> <span class='ocrx_word' id='word_1_83' title='bbox 1961 1236 2337 1322; x_wconf 75' lang='lat' dir='ltr'><em>quadratus.-</em></span> <span class='ocrx_word' id='word_1_84' title='bbox 2380 1234 2641 1299; x_wconf 80' lang='lat' dir='ltr'><em>videatur</em></span> 
     </span>
     <span class='ocr_line' id='line_1_10' title="bbox 590 1334 2639 1425; baseline -0 -25"><span class='ocrx_word' id='word_1_85' title='bbox 590 1334 816 1400; x_wconf 86' lang='lat' dir='ltr'><em>Theon</em></span> <span class='ocrx_word' id='word_1_86' title='bbox 851 1334 1011 1399; x_wconf 87' lang='lat' dir='ltr'><em>Plat.</em></span> <span class='ocrx_word' id='word_1_87' title='bbox 1044 1335 1368 1400; x_wconf 84' lang='lat' dir='ltr'><em>Mathcm.</em></span> <span class='ocrx_word' id='word_1_88' title='bbox 1401 1334 1524 1398; x_wconf 90' lang='lat' dir='ltr'><em>XI.</em></span> <span class='ocrx_word' id='word_1_89' title='bbox 1566 1356 1629 1421; x_wconf 87' lang='lat' dir='ltr'><em>p.</em></span> <span class='ocrx_word' id='word_1_90' title='bbox 1658 1335 1767 1420; x_wconf 89' lang='lat'><em>38.</em></span> <span class='ocrx_word' id='word_1_91' title='bbox 1852 1336 2155 1424; x_wconf 87' lang='lat' dir='ltr'><em>Denique</em></span> <span class='ocrx_word' id='word_1_92' title='bbox 2196 1339 2284 1403; x_wconf 88' lang='lat' dir='ltr'><em>est</em></span> <span class='ocrx_word' id='word_1_93' title='bbox 2329 1338 2639 1425; x_wconf 78' lang='grc' dir='ltr'><strong><em>τετράγωνος</em></strong></span> 
     </span>
     <span class='ocr_line' id='line_1_11' title="bbox 590 1436 2639 1523; baseline 0.001 -23"><span class='ocrx_word' id='word_1_94' title='bbox 590 1438 698 1501; x_wconf 73' lang='grc' dir='ltr'><em>ἀπὸ</em></span> <span class='ocrx_word' id='word_1_95' title='bbox 723 1436 1092 1523; x_wconf 74' lang='grc' dir='ltr'><strong><em>τετραγώνου,</em></strong></span> <span class='ocrx_word' id='word_1_96' title='bbox 1121 1438 1453 1522; x_wconf 84' lang='lat' dir='ltr'><em>quadratus</em></span> <span class='ocrx_word' id='word_1_97' title='bbox 1482 1462 1555 1500; x_wconf 79' lang='lat' dir='ltr'><em>ex</em></span> <span class='ocrx_word' id='word_1_98' title='bbox 1582 1437 1897 1523; x_wconf 84' lang='lat' dir='ltr'><em>quadrato,</em></span> <span class='ocrx_word' id='word_1_99' title='bbox 1922 1462 2070 1503; x_wconf 86' lang='lat' dir='ltr'><em>nam</em></span> <span class='ocrx_word' id='word_1_100' title='bbox 2099 1439 2307 1505; x_wconf 86' lang='lat' dir='ltr'><em>oritur</em></span> <span class='ocrx_word' id='word_1_101' title='bbox 2336 1442 2414 1504; x_wconf 93' lang='lat'><em>16</em></span> <span class='ocrx_word' id='word_1_102' title='bbox 2439 1440 2639 1505; x_wconf 86' lang='lat' dir='ltr'><em>multi-</em></span> 
     </span>
     <span class='ocr_line' id='line_1_12' title="bbox 557 1538 2634 1629; baseline 0 -24"><span class='ocrx_word' id='word_1_103' title='bbox 557 1594 570 1605; x_wconf 94' lang='lat'><strong>.</strong></span> <span class='ocrx_word' id='word_1_104' title='bbox 591 1539 886 1627; x_wconf 79' lang='lat' dir='ltr'>plicando</span> <span class='ocrx_word' id='word_1_105' title='bbox 931 1562 1045 1626; x_wconf 86' lang='lat' dir='ltr'><em>per</em></span> <span class='ocrx_word' id='word_1_106' title='bbox 1087 1538 1149 1602; x_wconf 90' lang='lat' dir='ltr'><em>se</em></span> <span class='ocrx_word' id='word_1_107' title='bbox 1197 1538 1400 1624; x_wconf 87' lang='lat' dir='ltr'><em>ipsum</em></span> <span class='ocrx_word' id='word_1_108' title='bbox 1447 1560 1714 1603; x_wconf 89' lang='lat' dir='ltr'><em>numero</em></span> <span class='ocrx_word' id='word_1_109' title='bbox 1749 1560 1815 1620; x_wconf 91' lang='lat'><em>4,</em></span> <span class='ocrx_word' id='word_1_110' title='bbox 1862 1540 1971 1626; x_wconf 90' lang='lat' dir='ltr'><em>qui</em></span> <span class='ocrx_word' id='word_1_111' title='bbox 2015 1541 2144 1629; x_wconf 89' lang='lat' dir='ltr'><em>ipse</em></span> <span class='ocrx_word' id='word_1_112' title='bbox 2188 1543 2276 1605; x_wconf 84' lang='lat' dir='ltr'><em>est</em></span> <span class='ocrx_word' id='word_1_113' title='bbox 2318 1542 2634 1629; x_wconf 85' lang='lat' dir='ltr'><em>quadratus</em></span> 
     </span>
     <span class='ocr_line' id='line_1_13' title="bbox 576 1641 1444 1721; baseline -0.006 -13"><span class='ocrx_word' id='word_1_114' title='bbox 576 1666 670 1715; x_wconf 56' lang='lat' dir='ltr'><em>‚ex</em></span> <span class='ocrx_word' id='word_1_115' title='bbox 697 1642 795 1709; x_wconf 88' lang='lat' dir='ltr'><em>bis</em></span> <span class='ocrx_word' id='word_1_116' title='bbox 826 1641 1101 1719; x_wconf 74' lang='lat' dir='ltr'><em>duobuS,</em></span> <span class='ocrx_word' id='word_1_117' title='bbox 1132 1659 1170 1707; x_wconf 81' lang='lat'><em>2</em></span> <span class='ocrx_word' id='word_1_118' title='bbox 1189 1658 1237 1705; x_wconf 84' lang='lat' dir='ltr'>x</span> <span class='ocrx_word' id='word_1_119' title='bbox 1255 1660 1444 1721; x_wconf 60' lang='grc' dir='ltr'><strong><em>πει-4.</em></strong></span> 
     </span>
    </p>

    <p class='ocr_par' dir='ltr' id='par_1_3' title="bbox 529 1742 2633 2442">
     <span class='ocr_line' id='line_1_14' title="bbox 675 1742 2631 1833; baseline 0.001 -25"><span class='ocrx_word' id='word_1_120' title='bbox 675 1746 826 1831; x_wconf 85' lang='grc'><strong><em>383.</em></strong></span> <span class='ocrx_word' id='word_1_121' title='bbox 861 1745 930 1806; x_wconf 88' lang='lat' dir='ltr'><em>F.</em></span> <span class='ocrx_word' id='word_1_122' title='bbox 968 1742 1128 1817; x_wconf 71' lang='grc' dir='ltr'><strong><em>λείως</em></strong></span> <span class='ocrx_word' id='word_1_123' title='bbox 1173 1743 1269 1805; x_wconf 71' lang='grc' dir='ltr'><em>καὶ</em></span> <span class='ocrx_word' id='word_1_124' title='bbox 1313 1750 1585 1828; x_wconf 77' lang='grc' dir='ltr'><strong><em>προσηνῶς</em></strong></span> <span class='ocrx_word' id='word_1_125' title='bbox 1628 1742 2018 1826; x_wconf 54' lang='lat' dir='ltr'><em>&amp;moeres—J</em></span> <span class='ocrx_word' id='word_1_126' title='bbox 2061 1743 2217 1808; x_wconf 89' lang='lat' dir='ltr'><em>Duo</em></span> <span class='ocrx_word' id='word_1_127' title='bbox 2261 1745 2466 1830; x_wconf 86' lang='lat' dir='ltr'><em>priora</em></span> <span class='ocrx_word' id='word_1_128' title='bbox 2491 1744 2631 1833; x_wconf 89' lang='lat' dir='ltr'><em>jun-</em></span> 
     </span>
     <span class='ocr_line' id='line_1_15' title="bbox 529 1843 2630 1935; baseline -0 -24"><span class='ocrx_word' id='word_1_129' title='bbox 529 1868 534 1880; x_wconf 92' lang='grc'><em>’</em></span> <span class='ocrx_word' id='word_1_130' title='bbox 591 1858 838 1935; x_wconf 82' lang='lat' dir='ltr'><em>guntur</em></span> <span class='ocrx_word' id='word_1_131' title='bbox 863 1844 1033 1909; x_wconf 84' lang='lat' dir='ltr'><strong>Adv.</strong></span> <span class='ocrx_word' id='word_1_132' title='bbox 1065 1844 1324 1931; x_wconf 82' lang='lat' dir='ltr'><strong>Epicur.</strong></span> <span class='ocrx_word' id='word_1_133' title='bbox 1358 1844 1635 1930; x_wconf 67' lang='lat' dir='ltr'><strong>p.&#39;1087.</strong></span> <span class='ocrx_word' id='word_1_134' title='bbox 1668 1846 1761 1908; x_wconf 80' lang='lat' dir='ltr'><em>E:</em></span> <span class='ocrx_word' id='word_1_135' title='bbox 1804 1843 1988 1927; x_wconf 77' lang='grc' dir='ltr'><strong><em>ὄσμων</em></strong></span> <span class='ocrx_word' id='word_1_136' title='bbox 2015 1845 2111 1908; x_wconf 70' lang='grc' dir='ltr'><em>καὶ</em></span> <span class='ocrx_word' id='word_1_137' title='bbox 2134 1856 2337 1932; x_wconf 76' lang='grc' dir='ltr'><strong><em>χυμῶν</em></strong></span> <span class='ocrx_word' id='word_1_138' title='bbox 2361 1852 2435 1910; x_wconf 76' lang='grc' dir='ltr'><em>τοὶ</em></span> <span class='ocrx_word' id='word_1_139' title='bbox 2460 1851 2630 1927; x_wconf 74' lang='grc' dir='ltr'><strong><em>ἥδιστα</em></strong></span> 
     </span>
     <span class='ocr_line' id='line_1_16' title="bbox 590 1944 2632 2036; baseline -0.001 -22"><span class='ocrx_word' id='word_1_140' title='bbox 590 1946 972 2036; x_wconf 66' lang='grc' dir='ltr'><strong><em>προσαγαγὼν</em></strong></span> <span class='ocrx_word' id='word_1_141' title='bbox 1005 1947 1254 2031; x_wconf 76' lang='grc' dir='ltr'><em>σώματι,</em></span> <span class='ocrx_word' id='word_1_142' title='bbox 1294 1950 1487 2033; x_wconf 78' lang='grc' dir='ltr'><strong><em>μικρὸν</em></strong></span> <span class='ocrx_word' id='word_1_143' title='bbox 1519 1945 1753 2034; x_wconf 77' lang='grc' dir='ltr'><strong><em>εὖρῆσεις</em></strong></span> <span class='ocrx_word' id='word_1_144' title='bbox 1784 1944 1994 2033; x_wconf 76' lang='grc' dir='ltr'><strong><em>χωρίον</em></strong></span> <span class='ocrx_word' id='word_1_145' title='bbox 2032 1952 2085 2012; x_wconf 76' lang='grc' dir='ltr'><em>ἐν</em></span> <span class='ocrx_word' id='word_1_146' title='bbox 2126 1954 2277 2035; x_wconf 75' lang='grc' dir='ltr'><em>αὐτῷ</em></span> <span class='ocrx_word' id='word_1_147' title='bbox 2311 1950 2632 2014; x_wconf 76' lang='grc' dir='ltr'><strong><em>παντάπασιν</em></strong></span> 
     </span>
     <span class='ocr_line' id='line_1_17' title="bbox 587 2048 2628 2138; baseline 0 -22"><span class='ocrx_word' id='word_1_148' title='bbox 587 2054 650 2117; x_wconf 74' lang='grc' dir='ltr'><em>τὸ</em></span> <span class='ocrx_word' id='word_1_149' title='bbox 696 2050 995 2133; x_wconf 74' lang='grc' dir='ltr'><strong><em>κινούμενον</em></strong></span> <span class='ocrx_word' id='word_1_150' title='bbox 1039 2048 1197 2124; x_wconf 81' lang='grc' dir='ltr'><strong><em>λείως</em></strong></span> <span class='ocrx_word' id='word_1_151' title='bbox 1240 2050 1335 2111; x_wconf 71' lang='grc' dir='ltr'><em>καὶ</em></span> <span class='ocrx_word' id='word_1_152' title='bbox 1379 2058 1675 2135; x_wconf 78' lang='grc' dir='ltr'><strong><em>προσηνῶς.</em></strong></span> <span class='ocrx_word' id='word_1_153' title='bbox 1765 2050 2033 2114; x_wconf 85' lang='lat' dir='ltr'><em>Seorfim</em></span> <span class='ocrx_word' id='word_1_154' title='bbox 2068 2072 2137 2137; x_wconf 91' lang='lat' dir='ltr'><em>p.</em></span> <span class='ocrx_word' id='word_1_155' title='bbox 2158 2068 2269 2138; x_wconf 80' lang='lat'><em>55.</em></span> <span class='ocrx_word' id='word_1_156' title='bbox 2300 2054 2388 2118; x_wconf 90' lang='lat' dir='ltr'><em>A.</em></span> <span class='ocrx_word' id='word_1_157' title='bbox 2434 2070 2532 2137; x_wconf 89' lang='lat'><em>74.</em></span> <span class='ocrx_word' id='word_1_158' title='bbox 2556 2052 2628 2117; x_wconf 88' lang='lat' dir='ltr'><em>D.</em></span> 
     </span>
     <span class='ocr_line' id='line_1_18' title="bbox 596 2152 2633 2243; baseline -0.001 -23"><span class='ocrx_word' id='word_1_159' title='bbox 596 2176 742 2223; x_wconf 87' lang='lat'><strong>100.</strong></span> <span class='ocrx_word' id='word_1_160' title='bbox 775 2154 863 2218; x_wconf 89' lang='lat' dir='ltr'><em>D.</em></span> <span class='ocrx_word' id='word_1_161' title='bbox 940 2154 1268 2217; x_wconf 81' lang='lat' dir='ltr'><em>Caeterum</em></span> <span class='ocrx_word' id='word_1_162' title='bbox 1309 2152 1513 2237; x_wconf 86' lang='lat' dir='ltr'><strong>probo</strong></span> <span class='ocrx_word' id='word_1_163' title='bbox 1556 2157 1715 2215; x_wconf 78' lang='grc' dir='ltr'><strong><em>ὖπνοῧ</em></strong></span> <span class='ocrx_word' id='word_1_164' title='bbox 1757 2178 1818 2215; x_wconf 82' lang='grc' dir='ltr'><em>τε</em></span> <span class='ocrx_word' id='word_1_165' title='bbox 1862 2158 2080 2239; x_wconf 73' lang='grc' dir='ltr'><strong><em>κρᾶσιν,</em></strong></span> <span class='ocrx_word' id='word_1_166' title='bbox 2125 2156 2447 2243; x_wconf 71' lang='lat' dir='ltr'><em>temperiem</em></span> <span class='ocrx_word' id='word_1_167' title='bbox 2466 2154 2633 2242; x_wconf 78' lang='lat' dir='ltr'><em>somni</em></span> 
     </span>
     <span class='ocr_line' id='line_1_19' title="bbox 589 2253 2627 2344; baseline -0.001 -23"><span class='ocrx_word' id='word_1_168' title='bbox 589 2255 1026 2321; x_wconf 79' lang='lat' dir='ltr'><em>conciliatricem</em></span> <span class='ocrx_word' id='word_1_169' title='bbox 1069 2253 1320 2342; x_wconf 82' lang='lat' dir='ltr'><em>accipit.-</em></span> <span class='ocrx_word' id='word_1_170' title='bbox 1365 2253 1521 2318; x_wconf 90' lang='lat' dir='ltr'><em>licet</em></span> <span class='ocrx_word' id='word_1_171' title='bbox 1567 2255 1827 2319; x_wconf 87' lang='lat' dir='ltr'><em>verbum</em></span> <span class='ocrx_word' id='word_1_172' title='bbox 1866 2257 2153 2320; x_wconf 77' lang='grc' dir='ltr'><strong><em>ὑπνοῦσθαι</em></strong></span> <span class='ocrx_word' id='word_1_173' title='bbox 2194 2256 2347 2321; x_wconf 87' lang='lat' dir='ltr'><em>alibi</em></span> <span class='ocrx_word' id='word_1_174' title='bbox 2362 2257 2627 2344; x_wconf 65' lang='lat' dir='ltr'><em>‘probum</em></span> 
     </span>
     <span class='ocr_line' id='line_1_20' title="bbox 591 2356 1623 2442; baseline -0.004 -19"><span class='ocrx_word' id='word_1_175' title='bbox 591 2361 752 2423; x_wconf 88' lang='lat' dir='ltr'><strong>fitv.</strong></span> <span class='ocrx_word' id='word_1_176' title='bbox 783 2380 841 2423; x_wconf 89' lang='lat' dir='ltr'><strong>e.</strong></span> <span class='ocrx_word' id='word_1_177' title='bbox 889 2360 1036 2442; x_wconf 83' lang='lat'><strong>236.</strong></span> <span class='ocrx_word' id='word_1_178' title='bbox 1070 2358 1146 2420; x_wconf 93' lang='lat' dir='ltr'><em>B.</em></span> <span class='ocrx_word' id='word_1_179' title='bbox 1192 2356 1329 2422; x_wconf 88' lang='lat' dir='ltr'><em>Vit.</em></span> <span class='ocrx_word' id='word_1_180' title='bbox 1363 2358 1511 2439; x_wconf 92' lang='lat'><strong>706.</strong></span> <span class='ocrx_word' id='word_1_181' title='bbox 1543 2356 1623 2419; x_wconf 93' lang='lat' dir='ltr'><em>E.</em></span> 
     </span>
    </p>

    <p class='ocr_par' dir='ltr' id='par_1_4' title="bbox 587 2456 2686 4384">
     <span class='ocr_line' id='line_1_21' title="bbox 673 2456 2627 2547; baseline 0.001 -23"><span class='ocrx_word' id='word_1_182' title='bbox 673 2462 824 2547; x_wconf 87' lang='grc'><strong><em>383.</em></strong></span> <span class='ocrx_word' id='word_1_183' title='bbox 855 2459 924 2523; x_wconf 89' lang='lat' dir='ltr'><strong>F.</strong></span> <span class='ocrx_word' id='word_1_184' title='bbox 969 2465 1076 2522; x_wconf 80' lang='grc' dir='ltr'><strong><em>τῶν</em></strong></span> <span class='ocrx_word' id='word_1_185' title='bbox 1117 2460 1473 2540; x_wconf 81' lang='grc' dir='ltr'><strong><em>μεθημερινῶν</em></strong></span> <span class='ocrx_word' id='word_1_186' title='bbox 1518 2456 1907 2544; x_wconf 68' lang='grc' dir='ltr'><strong><em>φροντίδὼν-</em></strong></span> <span class='ocrx_word' id='word_1_187' title='bbox 1928 2457 2198 2545; x_wconf 79' lang='grc' dir='ltr'><em>ἅμματα]</em></span> <span class='ocrx_word' id='word_1_188' title='bbox 2248 2462 2353 2525; x_wconf 87' lang='lat' dir='ltr'><em>Est</em></span> <span class='ocrx_word' id='word_1_189' title='bbox 2386 2461 2627 2525; x_wconf 83' lang='lat' dir='ltr'><em>imitatio</em></span> 
     </span>
     <span class='ocr_line' id='line_1_22' title="bbox 595 2558 2629 2649; baseline -0 -23"><span class='ocrx_word' id='word_1_190' title='bbox 595 2559 906 2631; x_wconf 82' lang='lat' dir='ltr'><em>Pindarici</em></span> <span class='ocrx_word' id='word_1_191' title='bbox 936 2559 1166 2638; x_wconf 61' lang='lat' dir='ltr'><em>dieti,</em></span> <span class='ocrx_word' id='word_1_192' title='bbox 1139 2582 1276 2645; x_wconf 84' lang='lat' dir='ltr'><em>Jam</em></span> <span class='ocrx_word' id='word_1_193' title='bbox 1319 2558 1593 2623; x_wconf 85' lang='lat' dir='ltr'><em>adhibiti</em></span> <span class='ocrx_word' id='word_1_194' title='bbox 1625 2559 1967 2625; x_wconf 76' lang='lat' dir='ltr'>Plutarcho</span> <span class='ocrx_word' id='word_1_195' title='bbox 1995 2585 2061 2648; x_wconf 92' lang='lat' dir='ltr'><strong>p.</strong></span> <span class='ocrx_word' id='word_1_196' title='bbox 2090 2564 2193 2626; x_wconf 90' lang='lat'><em>68.</em></span> <span class='ocrx_word' id='word_1_197' title='bbox 2220 2562 2338 2627; x_wconf 75' lang='lat' dir='ltr'><em>D:</em></span> <span class='ocrx_word' id='word_1_198' title='bbox 2334 2568 2443 2649; x_wconf 78' lang='grc' dir='ltr'><em>τῷ</em></span> <span class='ocrx_word' id='word_1_199' title='bbox 2467 2562 2629 2649; x_wconf 70' lang='lat' dir='ltr'><em>Avo-io</em></span> 
     </span>
     <span class='ocr_line' id='line_1_23' title="bbox 593 2662 2629 2751; baseline -0.001 -21"><span class='ocrx_word' id='word_1_200' title='bbox 593 2667 710 2751; x_wconf 73' lang='grc' dir='ltr'><em>θεῷ,</em></span> <span class='ocrx_word' id='word_1_201' title='bbox 741 2666 836 2727; x_wconf 72' lang='grc' dir='ltr'><em>καὶ</em></span> <span class='ocrx_word' id='word_1_202' title='bbox 880 2662 1059 2726; x_wconf 72' lang='grc' dir='ltr'><strong><em>λύοντι</em></strong></span> <span class='ocrx_word' id='word_1_203' title='bbox 1091 2662 1154 2725; x_wconf 76' lang='grc' dir='ltr'><em>τὸ</em></span> <span class='ocrx_word' id='word_1_204' title='bbox 1183 2670 1289 2724; x_wconf 79' lang='grc' dir='ltr'><strong><em>τῶν</em></strong></span> <span class='ocrx_word' id='word_1_205' title='bbox 1321 2662 1591 2747; x_wconf 79' lang='grc' dir='ltr'><strong><em>δυσφόρων</em></strong></span> <span class='ocrx_word' id='word_1_206' title='bbox 1622 2662 1865 2750; x_wconf 88' lang='grc' dir='ltr'><strong><em>σχοινίον</em></strong></span> <span class='ocrx_word' id='word_1_207' title='bbox 1894 2666 1987 2727; x_wconf 69' lang='grc' dir='ltr'><em>καὶ</em></span> <span class='ocrx_word' id='word_1_208' title='bbox 2017 2674 2308 2750; x_wconf 75' lang='grc' dir='ltr'><strong><em>μεριμνῶν,</em></strong></span> <span class='ocrx_word' id='word_1_209' title='bbox 2335 2671 2483 2729; x_wconf 67' lang='grc' dir='ltr'><em>κατὰ</em></span> <span class='ocrx_word' id='word_1_210' title='bbox 2506 2666 2629 2728; x_wconf 87' lang='grc' dir='ltr'><strong><em>Πίν-</em></strong></span> 
     </span>
     <span class='ocr_line' id='line_1_24' title="bbox 589 2762 2630 2855; baseline 0 -24"><span class='ocrx_word' id='word_1_211' title='bbox 589 2770 778 2855; x_wconf 60' lang='grc' dir='ltr'><strong><em>δαρον.</em></strong></span> <span class='ocrx_word' id='word_1_212' title='bbox 860 2762 1182 2829; x_wconf 86' lang='lat' dir='ltr'><em>Plutarchi</em></span> <span class='ocrx_word' id='word_1_213' title='bbox 1215 2762 1565 2850; x_wconf 57' lang='lat' dir='ltr'><em>dictionem</em></span> <span class='ocrx_word' id='word_1_214' title='bbox 1592 2764 1871 2850; x_wconf 73' lang='lat' dir='ltr'><em>geminae</em></span> <span class='ocrx_word' id='word_1_215' title='bbox 1900 2765 2182 2852; x_wconf 84' lang='lat' dir='ltr'><em>ejusdem</em></span> <span class='ocrx_word' id='word_1_216' title='bbox 2212 2765 2475 2832; x_wconf 60' lang='lat' dir='ltr'><em>dictioni</em></span> <span class='ocrx_word' id='word_1_217' title='bbox 2510 2791 2630 2833; x_wconf 86' lang='lat' dir='ltr'><em>cor-</em></span> 
     </span>
     <span class='ocr_line' id='line_1_25' title="bbox 590 2865 2632 2957; baseline -0.002 -21"><span class='ocrx_word' id='word_1_218' title='bbox 590 2866 874 2957; x_wconf 84' lang='lat' dir='ltr'><em>rigendae</em></span> <span class='ocrx_word' id='word_1_219' title='bbox 917 2866 1328 2931; x_wconf 83' lang='lat' dir='ltr'><em>adhibuimus</em></span> <span class='ocrx_word' id='word_1_220' title='bbox 1371 2865 1438 2930; x_wconf 89' lang='lat' dir='ltr'><em>in</em></span> <span class='ocrx_word' id='word_1_221' title='bbox 1486 2869 1874 2953; x_wconf 86' lang='lat' dir='ltr'><em>Fragmento</em></span> <span class='ocrx_word' id='word_1_222' title='bbox 1922 2870 2027 2933; x_wconf 89' lang='lat' dir='ltr'><em>De</em></span> <span class='ocrx_word' id='word_1_223' title='bbox 2080 2869 2315 2934; x_wconf 88' lang='lat' dir='ltr'><em>Anima</em></span> <span class='ocrx_word' id='word_1_224' title='bbox 2362 2870 2530 2935; x_wconf 90' lang='lat' dir='ltr'><em>edito</em></span> <span class='ocrx_word' id='word_1_225' title='bbox 2568 2866 2632 2933; x_wconf 77' lang='lat' dir='ltr'><em>ad</em></span> 
     </span>
     <span class='ocr_line' id='line_1_26' title="bbox 591 2970 2632 3057; baseline -0.004 -14"><span class='ocrx_word' id='word_1_226' title='bbox 591 2976 834 3043; x_wconf 84' lang='lat' dir='ltr'><em>calcem</em></span> <span class='ocrx_word' id='word_1_227' title='bbox 863 2972 1006 3037; x_wconf 82' lang='lat' dir='ltr'><em>libri</em></span> <span class='ocrx_word' id='word_1_228' title='bbox 1042 2974 1146 3036; x_wconf 87' lang='lat' dir='ltr'><em>De</em></span> <span class='ocrx_word' id='word_1_229' title='bbox 1185 2972 1320 3035; x_wconf 86' lang='lat' dir='ltr'><em>Ser.</em></span> <span class='ocrx_word' id='word_1_230' title='bbox 1363 2973 1568 3036; x_wconf 82' lang='lat' dir='ltr'><strong>Nmn.</strong></span> <span class='ocrx_word' id='word_1_231' title='bbox 1601 2970 1798 3053; x_wconf 70' lang='lat' dir='ltr'><em>Vind.</em></span> <span class='ocrx_word' id='word_1_232' title='bbox 1830 2993 1897 3057; x_wconf 90' lang='lat' dir='ltr'><em>p.</em></span> <span class='ocrx_word' id='word_1_233' title='bbox 1927 2991 2071 3057; x_wconf 21' lang='lat'><strong>143⁴.</strong></span> <span class='ocrx_word' id='word_1_234' title='bbox 2112 2971 2414 3037; x_wconf 86' lang='lat' dir='ltr'><em>editionis</em></span> <span class='ocrx_word' id='word_1_235' title='bbox 2442 2975 2632 3038; x_wconf 80' lang='lat' dir='ltr'><em>nostrae</em></span> 
     </span>
     <span class='ocr_line' id='line_1_27' title="bbox 593 3072 2631 3169; baseline -0.001 -27"><span class='ocrx_word' id='word_1_236' title='bbox 593 3083 764 3169; x_wconf 88' lang='lat' dir='ltr'><strong>Opp.</strong></span> <span class='ocrx_word' id='word_1_237' title='bbox 794 3079 970 3142; x_wconf 84' lang='lat' dir='ltr'><strong>Mor.</strong></span> <span class='ocrx_word' id='word_1_238' title='bbox 1001 3077 1079 3140; x_wconf 94' lang='lat' dir='ltr'><em>T.</em></span> <span class='ocrx_word' id='word_1_239' title='bbox 1108 3076 1192 3139; x_wconf 92' lang='lat' dir='ltr'><em>V.</em></span> <span class='ocrx_word' id='word_1_240' title='bbox 1227 3076 1484 3159; x_wconf 85' lang='lat' dir='ltr'><strong>Fragm.</strong></span> <span class='ocrx_word' id='word_1_241' title='bbox 1514 3074 1635 3137; x_wconf 93' lang='lat' dir='ltr'><em>VI.</em></span> <span class='ocrx_word' id='word_1_242' title='bbox 1670 3077 1731 3157; x_wconf 62' lang='grc' dir='ltr'><strong><em>ξ.</em></strong></span> <span class='ocrx_word' id='word_1_243' title='bbox 1761 3094 1827 3159; x_wconf 90' lang='grc'><strong><em>3.</em></strong></span> <span class='ocrx_word' id='word_1_244' title='bbox 1871 3073 1982 3137; x_wconf 86' lang='lat' dir='ltr'><em>ubi</em></span> <span class='ocrx_word' id='word_1_245' title='bbox 2011 3072 2092 3147; x_wconf 83' lang='lat' dir='ltr'><em>de</em></span> <span class='ocrx_word' id='word_1_246' title='bbox 2125 3073 2349 3140; x_wconf 89' lang='lat' dir='ltr'><em>somno</em></span> <span class='ocrx_word' id='word_1_247' title='bbox 2375 3076 2525 3141; x_wconf 88' lang='lat' dir='ltr'><em>item</em></span> <span class='ocrx_word' id='word_1_248' title='bbox 2550 3074 2631 3139; x_wconf 85' lang='lat' dir='ltr'><em>di-</em></span> 
     </span>
     <span class='ocr_line' id='line_1_28' title="bbox 591 3174 2631 3263; baseline -0.002 -17"><span class='ocrx_word' id='word_1_249' title='bbox 591 3184 780 3259; x_wconf 80' lang='lat' dir='ltr'><em>citur,</em></span> <span class='ocrx_word' id='word_1_250' title='bbox 813 3186 838 3243; x_wconf 85' lang='grc' dir='ltr'>ὁ</span> <span class='ocrx_word' id='word_1_251' title='bbox 868 3176 1382 3260; x_wconf 73' lang='grc' dir='ltr'><strong><em>δεσμὸς-ἐνδίδωσι</em></strong></span> <span class='ocrx_word' id='word_1_252' title='bbox 1410 3175 1511 3238; x_wconf 58' lang='grc' dir='ltr'><em>,καὶ</em></span> <span class='ocrx_word' id='word_1_253' title='bbox 1536 3181 1807 3263; x_wconf 76' lang='grc' dir='ltr'><strong><em>χαλᾶται</em></strong></span> <span class='ocrx_word' id='word_1_254' title='bbox 1838 3177 1934 3239; x_wconf 67' lang='grc' dir='ltr'><em>καὶ</em></span> <span class='ocrx_word' id='word_1_255' title='bbox 1962 3174 2219 3261; x_wconf 74' lang='grc' dir='ltr'><strong><em>γίγνεται</em></strong></span> <span class='ocrx_word' id='word_1_256' title='bbox 2244 3179 2631 3262; x_wconf 72' lang='grc' dir='ltr'><em>μαλακώτερος,</em></span> 
     </span>
     <span class='ocr_line' id='line_1_29' title="bbox 591 3274 2631 3365; baseline -0.003 -19"><span class='ocrx_word' id='word_1_257' title='bbox 591 3283 693 3347; x_wconf 68' lang='grc' dir='ltr'><strong><em>οἷον</em></strong></span> <span class='ocrx_word' id='word_1_258' title='bbox 734 3278 1010 3361; x_wconf 74' lang='grc' dir='ltr'><strong><em>ἁμμάτων</em></strong></span> <span class='ocrx_word' id='word_1_259' title='bbox 1053 3276 1373 3359; x_wconf 74' lang='grc' dir='ltr'><strong><em>ἀφιεμένων,</em></strong></span> <span class='ocrx_word' id='word_1_260' title='bbox 1412 3284 1521 3340; x_wconf 81' lang='grc' dir='ltr'><strong><em>τῶν</em></strong></span> <span class='ocrx_word' id='word_1_261' title='bbox 1560 3277 1859 3354; x_wconf 76' lang='grc' dir='ltr'><strong><em>αἰσθήσεων</em></strong></span> <span class='ocrx_word' id='word_1_262' title='bbox 1902 3274 2330 3365; x_wconf 64' lang='grc' dir='ltr'><strong><em>παραλυομένων</em></strong></span> <span class='ocrx_word' id='word_1_263' title='bbox 2374 3281 2465 3343; x_wconf 67' lang='grc' dir='ltr'><em>καὶ</em></span> <span class='ocrx_word' id='word_1_264' title='bbox 2502 3286 2631 3363; x_wconf 76' lang='grc' dir='ltr'><strong><em>προΐ-</em></strong></span> 
     </span>
     <span class='ocr_line' id='line_1_30' title="bbox 593 3377 2634 3470; baseline -0.002 -23"><span class='ocrx_word' id='word_1_265' title='bbox 593 3381 789 3465; x_wconf 69' lang='grc' dir='ltr'><strong><em>εμὸνων</em></strong></span> <span class='ocrx_word' id='word_1_266' title='bbox 818 3382 914 3457; x_wconf 76' lang='grc' dir='ltr'><strong><em>τὴν</em></strong></span> <span class='ocrx_word' id='word_1_267' title='bbox 941 3378 1060 3464; x_wconf 60' lang='grc' dir='ltr'><em>περὶ</em></span> <span class='ocrx_word' id='word_1_268' title='bbox 1089 3378 1150 3439; x_wconf 83' lang='grc' dir='ltr'><em>τὸ</em></span> <span class='ocrx_word' id='word_1_269' title='bbox 1181 3386 1349 3457; x_wconf 82' lang='grc' dir='ltr'><strong><em>σῶμα</em></strong></span> <span class='ocrx_word' id='word_1_270' title='bbox 1375 3383 1470 3454; x_wconf 84' lang='grc' dir='ltr'><em>τῆς</em></span> <span class='ocrx_word' id='word_1_271' title='bbox 1506 3380 1695 3463; x_wconf 76' lang='grc' dir='ltr'><strong><em>ψυχῆς</em></strong></span> <span class='ocrx_word' id='word_1_272' title='bbox 1732 3377 1965 3441; x_wconf 82' lang='grc' dir='ltr'><strong><em>ἔντασιν·</em></strong></span> <span class='ocrx_word' id='word_1_273' title='bbox 2013 3379 2058 3443; x_wconf 83' lang='lat' dir='ltr'><em>i.</em></span> <span class='ocrx_word' id='word_1_274' title='bbox 2090 3401 2149 3444; x_wconf 87' lang='lat' dir='ltr'><strong>e.</strong></span> <span class='ocrx_word' id='word_1_275' title='bbox 2172 3380 2263 3470; x_wconf 65' lang='lat' dir='ltr'><em>¹in</em></span> <span class='ocrx_word' id='word_1_276' title='bbox 2281 3384 2490 3467; x_wconf 77' lang='lat' dir='ltr'><em>somno</em></span> <span class='ocrx_word' id='word_1_277' title='bbox 2522 3380 2634 3445; x_wconf 82' lang='lat' dir='ltr'><em>vin-</em></span> 
     </span>
     <span class='ocr_line' id='line_1_31' title="bbox 589 3474 2632 3570; baseline -0 -24"><span class='ocrx_word' id='word_1_278' title='bbox 589 3482 781 3547; x_wconf 86' lang='lat' dir='ltr'><em>culum</em></span> <span class='ocrx_word' id='word_1_279' title='bbox 825 3479 1012 3543; x_wconf 81' lang='lat' dir='ltr'><em>animi</em></span> <span class='ocrx_word' id='word_1_280' title='bbox 1055 3490 1111 3541; x_wconf 90' lang='lat' dir='ltr'><em>et</em></span> <span class='ocrx_word' id='word_1_281' title='bbox 1137 3478 1394 3564; x_wconf 79' lang='lat' dir='ltr'><em>corporis</em></span> <span class='ocrx_word' id='word_1_282' title='bbox 1412 3480 1493 3565; x_wconf 78' lang='lat' dir='ltr'><em>fi</em></span> <span class='ocrx_word' id='word_1_283' title='bbox 1534 3474 1779 3542; x_wconf 70' lang='lat' dir='ltr'><em>remittit</em></span> <span class='ocrx_word' id='word_1_284' title='bbox 1826 3492 1882 3543; x_wconf 86' lang='lat' dir='ltr'><em>et</em></span> <span class='ocrx_word' id='word_1_285' title='bbox 1928 3480 2176 3543; x_wconf 83' lang='lat' dir='ltr'><em>laxatur</em></span> <span class='ocrx_word' id='word_1_286' title='bbox 2200 3481 2407 3570; x_wconf 83' lang='lat' dir='ltr'><em>fitque</em></span> <span class='ocrx_word' id='word_1_287' title='bbox 2451 3480 2632 3559; x_wconf 78' lang='lat' dir='ltr'><em>lenius,</em></span> 
     </span>
     <span class='ocr_line' id='line_1_32' title="bbox 587 3578 2631 3668; baseline -0.001 -21"><span class='ocrx_word' id='word_1_288' title='bbox 587 3582 776 3647; x_wconf 81' lang='lat' dir='ltr'><em>veluti</em></span> <span class='ocrx_word' id='word_1_289' title='bbox 781 3580 1045 3668; x_wconf 72' lang='lat' dir='ltr'><em>fu&#39;nibus</em></span> <span class='ocrx_word' id='word_1_290' title='bbox 1053 3578 1268 3668; x_wconf 74' lang='lat' dir='ltr'><em>solutis</em></span> <span class='ocrx_word' id='word_1_291' title='bbox 1298 3604 1479 3659; x_wconf 79' lang='lat' dir='ltr'><em>nexu,</em></span> <span class='ocrx_word' id='word_1_292' title='bbox 1495 3582 1858 3668; x_wconf 63' lang='lat' dir='ltr'><em>sicsergsibu&#39;s</em></span> <span class='ocrx_word' id='word_1_293' title='bbox 1888 3582 2135 3662; x_wconf 82' lang='lat' dir='ltr'><em>laxatis,</em></span> <span class='ocrx_word' id='word_1_294' title='bbox 2158 3596 2213 3645; x_wconf 84' lang='lat' dir='ltr'><em>et</em></span> <span class='ocrx_word' id='word_1_295' title='bbox 2238 3582 2631 3647; x_wconf 72' lang='lat' dir='ltr'><em>remittentibus</em></span> 
     </span>
     <span class='ocr_line' id='line_1_33' title="bbox 591 3674 2630 3773; baseline -0.001 -24"><span class='ocrx_word' id='word_1_296' title='bbox 591 3684 776 3751; x_wconf 85' lang='lat' dir='ltr'><em>animi</em></span> <span class='ocrx_word' id='word_1_297' title='bbox 802 3684 866 3773; x_wconf 76' lang='lat' dir='ltr'><em>in</em></span> <span class='ocrx_word' id='word_1_298' title='bbox 893 3698 1114 3771; x_wconf 83' lang='lat' dir='ltr'><em>corpore</em></span> <span class='ocrx_word' id='word_1_299' title='bbox 1141 3682 1529 3747; x_wconf 83' lang='lat' dir='ltr'><em>intentionem.</em></span> <span class='ocrx_word' id='word_1_300' title='bbox 1576 3686 1660 3747; x_wconf 89' lang='lat' dir='ltr'><em>Et</em></span> <span class='ocrx_word' id='word_1_301' title='bbox 1689 3674 2057 3770; x_wconf 61' lang='lat' dir='ltr'><em>hujusmodi&gt;</em></span> <span class='ocrx_word' id='word_1_302' title='bbox 2080 3698 2630 3771; x_wconf 81' lang='lat' dir='ltr'><em>temperamentum</em></span> 
     </span>
     <span class='ocr_line' id='line_1_34' title="bbox 588 3778 2686 3873; baseline -0.003 -20"><span class='ocrx_word' id='word_1_303' title='bbox 588 3786 671 3853; x_wconf 88' lang='lat' dir='ltr'><em>ad</em></span> <span class='ocrx_word' id='word_1_304' title='bbox 715 3786 1098 3851; x_wconf 87' lang='lat' dir='ltr'><em>somniorum</em></span> <span class='ocrx_word' id='word_1_305' title='bbox 1145 3785 1601 3851; x_wconf 87' lang='lat' dir='ltr'><em>divinationem</em></span> <span class='ocrx_word' id='word_1_306' title='bbox 1648 3785 1854 3852; x_wconf 82' lang='lat' dir='ltr'><em>valet:</em></span> <span class='ocrx_word' id='word_1_307' title='bbox 1920 3787 2155 3852; x_wconf 84' lang='lat' dir='ltr'><em>Solutus</em></span> <span class='ocrx_word' id='word_1_308' title='bbox 2200 3790 2353 3853; x_wconf 87' lang='lat' dir='ltr'><em>enim</em></span> <span class='ocrx_word' id='word_1_309' title='bbox 2395 3783 2632 3873; x_wconf 79' lang='lat' dir='ltr'><em>corporeis</em></span> <span class='ocrx_word' id='word_1_310' title='bbox 2678 3778 2686 3789; x_wconf 71' lang='grc'><strong><em>’</em></strong></span> 
     </span>
     <span class='ocr_line' id='line_1_35' title="bbox 588 3885 2631 3977; baseline -0.002 -23"><span class='ocrx_word' id='word_1_311' title='bbox 588 3889 831 3955; x_wconf 82' lang='lat' dir='ltr'><em>nexibus</em></span> <span class='ocrx_word' id='word_1_312' title='bbox 859 3890 1087 3953; x_wconf 82' lang='lat' dir='ltr'><em>animus</em></span> <span class='ocrx_word' id='word_1_313' title='bbox 1095 3892 1329 3977; x_wconf 82' lang='lat' dir='ltr'><em>semper</em></span> <span class='ocrx_word' id='word_1_314' title='bbox 1353 3888 1566 3973; x_wconf 82' lang='lat' dir='ltr'><em>vigens</em></span> <span class='ocrx_word' id='word_1_315' title='bbox 1597 3890 1843 3953; x_wconf 85' lang='lat' dir='ltr'><em>motibus</em></span> <span class='ocrx_word' id='word_1_316' title='bbox 1871 3888 2187 3977; x_wconf 69' lang='lat' dir='ltr'><em>indefefflS,</em></span> <span class='ocrx_word' id='word_1_317' title='bbox 2218 3903 2275 3953; x_wconf 84' lang='lat' dir='ltr'><em>et</em></span> <span class='ocrx_word' id='word_1_318' title='bbox 2302 3885 2631 3975; x_wconf 75' lang='lat' dir='ltr'><em>cogitationi·</em></span> 
     </span>
     <span class='ocr_line' id='line_1_36' title="bbox 592 3988 2630 4079; baseline -0.003 -23"><span class='ocrx_word' id='word_1_319' title='bbox 592 3994 693 4056; x_wconf 84' lang='lat' dir='ltr'><em>bus</em></span> <span class='ocrx_word' id='word_1_320' title='bbox 713 3989 1198 4077; x_wconf 68' lang='lat' dir='ltr'><em>subjectis·(leg.</em></span> <span class='ocrx_word' id='word_1_321' title='bbox 1230 3989 1487 4077; x_wconf 63' lang='lat' dir='ltr'><em>aljeciis)</em></span> <span class='ocrx_word' id='word_1_322' title='bbox 1532 3991 1767 4053; x_wconf 83' lang='lat' dir='ltr'><em>et-curis</em></span> <span class='ocrx_word' id='word_1_323' title='bbox 1797 4016 1934 4079; x_wconf 79' lang='lat' dir='ltr'><em>quae</em></span> <span class='ocrx_word' id='word_1_324' title='bbox 1971 3991 2305 4056; x_wconf 73' lang='lat' dir='ltr'><em>mortaliun&#39;z</em></span> <span class='ocrx_word' id='word_1_325' title='bbox 2326 3988 2630 4077; x_wconf 76' lang='lat' dir='ltr'><em>sollicitant</em></span> 
     </span>
     <span class='ocr_line' id='line_1_37' title="bbox 587 4090 2629 4181; baseline -0.002 -27"><span class='ocrx_word' id='word_1_326' title='bbox 587 4104 825 4171; x_wconf 81' lang='lat' dir='ltr'><em>mentes,</em></span> <span class='ocrx_word' id='word_1_327' title='bbox 855 4090 1075 4177; x_wconf 84' lang='lat' dir='ltr'><em>colligit</em></span> <span class='ocrx_word' id='word_1_328' title='bbox 1099 4091 1230 4177; x_wconf 67' lang='lat' dir='ltr'><em>visa</em></span> <span class='ocrx_word' id='word_1_329' title='bbox 1272 4098 1583 4169; x_wconf 57' lang='lat' dir='ltr'><em>nodiurna,</em></span> <span class='ocrx_word' id='word_1_330' title='bbox 1612 4116 1757 4178; x_wconf 82' lang='lat' dir='ltr'><em>quas</em></span> <span class='ocrx_word' id='word_1_331' title='bbox 1790 4091 2099 4173; x_wconf 79' lang='grc' dir='ltr'><strong><em>φαντασίας</em></strong></span> <span class='ocrx_word' id='word_1_332' title='bbox 2126 4116 2226 4156; x_wconf 84' lang='lat' dir='ltr'><em>nos</em></span> <span class='ocrx_word' id='word_1_333' title='bbox 2256 4092 2629 4181; x_wconf 81' lang='lat' dir='ltr'><em>appellamus:</em></span> 
     </span>
     <span class='ocr_line' id='line_1_38' title="bbox 587 4188 2628 4283; baseline -0.002 -25"><span class='ocrx_word' id='word_1_334' title='bbox 587 4192 820 4279; x_wconf 84' lang='lat' dir='ltr'><em>inquit·</em></span> <span class='ocrx_word' id='word_1_335' title='bbox 841 4192 1225 4257; x_wconf 86' lang='lat' dir='ltr'><em>Ammianus</em></span> <span class='ocrx_word' id='word_1_336' title='bbox 1269 4192 1689 4259; x_wconf 87' lang='lat' dir='ltr'><em>Marcellinus</em></span> <span class='ocrx_word' id='word_1_337' title='bbox 1724 4197 1911 4260; x_wconf 89' lang='lat' dir='ltr'><strong>XIV.</strong></span> <span class='ocrx_word' id='word_1_338' title='bbox 1954 4216 2159 4283; x_wconf 87' lang='lat' dir='ltr'><strong>p.-29.</strong></span> <span class='ocrx_word' id='word_1_339' title='bbox 2194 4208 2263 4261; x_wconf 86' lang='lat' dir='ltr'><em>et</em></span> <span class='ocrx_word' id='word_1_340' title='bbox 2294 4194 2505 4261; x_wconf 80' lang='lat' dir='ltr'><em>fimilia</em></span> <span class='ocrx_word' id='word_1_341' title='bbox 2542 4188 2628 4253; x_wconf 86' lang='lat' dir='ltr'><em>Ci-</em></span> 
     </span>
     <span class='ocr_line' id='line_1_39' title="bbox 589 4291 2627 4384; baseline -0 -28"><span class='ocrx_word' id='word_1_342' title='bbox 589 4314 736 4357; x_wconf 87' lang='lat' dir='ltr'><em>cero</em></span> <span class='ocrx_word' id='word_1_343' title='bbox 781 4294 998 4358; x_wconf 83' lang='lat' dir='ltr'><em>Divin.</em></span> <span class='ocrx_word' id='word_1_344' title='bbox 1043 4296 1097 4357; x_wconf 89' lang='lat'><strong>1.</strong></span> <span class='ocrx_word' id='word_1_345' title='bbox 1127 4314 1236 4378; x_wconf 84' lang='lat'><em>30.</em></span> <span class='ocrx_word' id='word_1_346' title='bbox 1279 4316 1471 4379; x_wconf 88' lang='lat' dir='ltr'><em>quem</em></span> <span class='ocrx_word' id='word_1_347' title='bbox 1504 4295 1901 4367; x_wconf 84' lang='lat' dir='ltr'><em>laudavimus</em></span> <span class='ocrx_word' id='word_1_348' title='bbox 1931 4298 1993 4363; x_wconf 89' lang='lat' dir='ltr'><em>in</em></span> <span class='ocrx_word' id='word_1_349' title='bbox 2026 4295 2369 4384; x_wconf 62' lang='lat' dir='ltr'><em>ccnjunfflt</em></span> <span class='ocrx_word' id='word_1_350' title='bbox 2400 4291 2627 4361; x_wconf 84' lang='lat' dir='ltr'><em>materia</em></span> 
     </span>
    </p>
   </div>
   <div class='ocr_carea' id='block_1_3' title="bbox 2777 16 2786 3371">
    <p class='ocr_par' dir='ltr' id='par_1_5' title="bbox 2777 16 2786 3371">
     <span class='ocr_line' id='line_1_40' title="bbox 2777 16 2786 3371; baseline 0 0"><span class='ocrx_word' id='word_1_351' title='bbox 2777 16 2786 3371; x_wconf 95' lang='lat' dir='ltr'><em> </em></span> 
     </span>
    </p>
   </div>
  </div>
 </body>
</html>
