2850 4817
477 348 592 408 DE
631 346 848 407 ISIDE
883 348 994 407 ΕΤ
1032 346 1384 411 OSIRIDE.
1421 368 1483 427 p.
1511 362 1648 427 375.
1674 346 1949 426 E—-376.
1972 350 2045 413 B.
2186 364 2297 431 ομ

235 506 501 573 Oracui.
539 508 622 573 de
655 510 860 573 Arato
889 502 955 571 in
983 504 1088 595 Ej.
1119 506 1262 573 vit.
1288 529 1356 594 p.
1385 522 1575 593 1051.
1602 508 1695 573 D.
1764 506 1897 575 Dio
1926 508 2158 597 Chrys.
2181 510 2307 577 Or.

234 610 593 676 XXXVII.
621 632 690 697 p.
709 610 860 691 462.
881 611 980 674 A:
1011 611 1088 672 τὰ
1115 613 1208 686 τῆς
1235 607 1392 686 ὁσίας
1415 608 1747 695 περίκειται,
1768 608 2003 679 dicitur
2028 610 2111 677 de
2130 600 2307 679 mor-⁸·

238 724 358 777 tuo
385 711 492 777 oui
521 714 720 777 statua
745 710 944 799 pofita
975 712 1086 791 est,
1104 710 1230 797 jus
1253 712 1487 776 deor-mn
1520 712 1781 777 mnium
1810 711 2066 781 obtinet.-
2112 713 2309 802 vulgo

235 813 478 901 legitur
505 812 716 888 οὐσίας.
771 814 1001 878 Sextus
1023 812 1268 899 Empir.
1290 812 1601 900 Pyrrhon.
1626 813 1832 901 Hipp.
1852 815 1983 881 III.
2000 816 2147 902 198.
2188 816 2309 881 .AE-

231 916 388 982 lian.
418 917 580 981 Var.
607 916 771 981 Hist.
794 916 953 980 XII.
979 916 1086 998 64.
1157 914 1505 982 Jamblich.
1533 914 1675 983 Vit.
1708 916 1902 1011 Pyth.
1928 919 1995 1001 ξ.
2020 936 2133 1003 32.
2158 919 2307 1001 184.

317 1034 472 1105 375.
527 1020 608 1082 Ε.
652 1016 1379 1102 Ἄνουβις-νομίζοντες]
1446 1016 1919 1105 conjungenda
1960 1018 2107 1085 sunt
2152 1040 2303 1084 cum

232 1120 312 1185 iis
336 1142 486 1207 quae
515 1119 787 1185 vidimus
814 1140 882 1205 p.
905 1119 1055 1205 368.
1085 1121 1164 1198 Ε,
1197 1119 1270 1184 F.
1299 1131 1368 1185 et
1394 1121 1437 1185 J
1440 1118 1761 1186 ablonsstio
1794 1120 2021 1187 Panth.
2044 1121 2203 1209 AEg.
2230 1124 2309 1189 Ρ.
2454 1070 2469 1077 -

222 1224 363 1287 1111.
412 1245 480 1309 p.
517 1243 574 1287 1.
620 1220 794 1308 sequ.
867 1220 1476 1309 Pythagoreorum
1458 1244 1527 1287 m
1574 1221 1781 1309 gallos
1824 1221 2005 1289 albos
2045 1223 2303 1312 religi0‚

231 1336 504 1390 notatur
531 1324 826 1413 Sympos.
857 1325 975 1389 IV.
1007 1344 1074 1410 p.
1097 1324 1338 1408 670.C

313 1441 474 1511 375
504 1426 586 1490 E.
631 1425 728 1489 καὶ
768 1452 848 1511 γα
830 1427 887 1512 ς
921 1423 1082 1487 ἄλλα
1116 1422 1777 1511 pngw—yhn'arroeg-m]
1822 1427 1907 1491 Et
1939 1426 2067 1493 hoc
2094 1426 2303 1515 magis

232 1525 510 1593 Graeciae
551 1524 778 1605 amori,
821 1548 1016 1613 quam
1057 1524 1326 1604 veritati,
1367 1525 1618 1606 datum,
1662 1526 1981 1614 pertinere
2024 1528 2159 1593 vult
2194 1527 2306 1594 ad-

231 1628 444 1694 versus
493 1626 772 1692 Platonis
819 1625 1123 1692 dierum
1105 1648 1173 1690 m
1220 1625 1508 1713 Cratylo,
1552 1648 1621 1713 p.
1652 1627 1801 1695 268.
1838 1629 1944 1693 A·
1926 1674 1945 1691 .
1990 1630 2145 1695 ἐννοῶ
2182 1632 2301 1718 γὰρ

229 1729 312 1794 ὅτι
337 1732 532 1795 πολλοὶ
562 1735 612 1796 οἶ
624 1728 897 1808 “Euam
922 1728 1185 1812 ὀνόματα,
1217 1727 1405 1804 ἄλλως
1432 1755 1495 1797 τι
1524 1731 1621 1795 καὶ
1650 1736 1699 1795 οἳ
1726 1731 1825 1795 ὑπὸ
1860 1734 1979 1805 τοῖς,
1998 1730 2317 1817 βαρβάροις·

229 1837 523 1911 οἰκοῦντες,
551 1835 706 1919 παρὰ
731 1838 840 1895 τῶν
871 1831 1172 1918 βαρβάρων
1201 1831 1493 1913 ε’λῆφασι.
1550 1832 1657 1898 De
1699 1830 2067 1919 hujusmodi
2106 1854 2304 1899 voca·

227 1934 400 2002 bulis
427 1933 840 1999 eruditiffinia
870 1935 958 1999 est
987 1933 1261 2001 Piersoni
1291 1931 1637 2021 disputatio
1678 1933 1761 1999 ad
1793 1931 2141 2000 Moeridem
2168 1934 2299 1999 At-

228 2035 346 2102 tic.
378 2036 448 2100 in
481 2038 648 2102 Voc.
689 2034 966 2123 Σωδάριον
991 2057 1058 2122 p.
1083 2036 1236 2122 348.
1321 2036 1428 2101 De
1454 2033 1717 2101 nomine
1744 2054 1829 2101 ac
1848 2033 2302 2122 significatione

228 2139 521 2217 Γλωπης,
560 2137 805 2223 quffae,
833 2137 964 2201 dixi
991 2137 1073 2202 ad
1102 2160 1169 2224 Ρ.
1193 2156 1298 2205 22.
1326 2137 1408 2203 C.

309 2256 393 2325 37
397 2252 466 2324 5
499 2240 572 2302 F.
597 2242 810 2326 Ερμοῦ
837 2238 1164 2331 λιγοῆἔνως
1189 2238 1437 2325 βίβλοις]
1485 2238 1689 2305 Probe
1716 2237 1865 2305 sunt
1890 2236 2301 2325 disjungendi

181 2332 198 2347 ’
229 2343 314 2407 ab
347 2341 650 2415 Her-metis
693 2337 1064 2429 Trismegisti‚
1107 2341 1217 2430 qui
1261 2341 1553 2407 feruntur
1594 2363 1671 2407 ac
1706 2340 2035 2433 dicuntur,
2078 2339 2297 2406 libris:

227 2444 390 2511 item
417 2446 502 2511 ab
527 2445 672 2511 inis
683 2445 932 2510 Galeno
959 2445 1171 2509 citatis
1193 2446 1298 2511 De
1321 2444 1550 2561 Simpl.
1574 2442 1926 2509 Medicam.
1952 2424 2073 2509 VI.
2095 2463 2163 2529 p.
2185 2444 2299 2509 68.

227 2548 355 2613 Ed.
403 2549 549 2613 Bas.
596 2549 674 2613 Τ.
726 2549 816 2614 II.
903 2548 998 2613 Hi
1044 2547 1194 2613 sunt
1239 2544 1630 2637 antiquiores
1682 2568 1843 2633 quos
1893 2544 2300 2625 Plutarchum,

227 2650 492 2716 amitere
520 2649 814 2729 Eudoxo,
842 2662 1180 2715 memorat.
1235 2648 1387 2716 vid.
1415 2648 1763 2716 Max-iham.
1782 2647 2033 2714 Canon.
2055 2646 2302 2715 Chron.

228 2754 373 2819 Sec.
409 2756 465 2817 Ι.
496 2774 562 2839 p.
590 2773 700 2833 40.
730 2751 859 2839 seq.
918 2753 1100 2817 Fabr.
1127 2752 1202 2816 Β.
1239 2751 1326 2815 G.
1360 2751 1414 2816 I.
1444 2772 1513 2837 p.
1538 2768 1642 2835 72.

312 2871 393 2940 37
399 2870 468 2941 5.
497 2856 571 2919 F.
604 2852 892 2942 Ὧςον-]
941 2854 1098 2941 Ejus
1137 2876 1289 2919 cum
1328 2851 1477 2917 Sole
1530 2863 1597 2916 et
1643 2849 1947 2937 Apolline
1988 2850 2301 2939 conjungi

231 2978 501 3036 numen,
529 2955 721 3021 docet
744 2954 1143 3021 Jablonskius
1175 2952 1406 3019 Panth.
1437 2954 1595 3041 AEg.
1626 2956 1696 3018 P.
1730 2953 1784 3018 Ι.
1815 2973 1884 3038 p.
1908 2956 2269 3038 205--216.

312 3075 394 3144 37
399 3075 468 3143 5
498 3061 670 3146 F--3
678 3059 782 3144 76
813 3060 899 3125 Α.
941 3056 1619 3139 Σωθῖ-νομίζουσιν·-]
1664 3054 1980 3122 Videatur
2019 3052 2195 3119 idem
2226 3056 2301 3121 Ρ.

232 3161 322 3223 ΙΙ.
357 3182 430 3287 Ρ.
459 3162 736 3245 36-52.
809 3146 1057 3224 Vocab.
1089 3160 1246 3246 AEg.
1277 3179 1344 3244 p.
1365 3159 1519 3244 336.
1592 3158 1891 3223 Graecum
1920 3154 2084 3233 κάων,
2112 3156 2301 3235 canis,

233 3284 272 3325 a
309 3262 478 3339 κύειν,
522 3263 792 3351 qfculari,
837 3260 1070 3349 repetit
1111 3273 1180 3327 et
1221 3260 1560 3349 persuadet
1600 3257 1969 3345 Lennepius
2006 3258 2301 3346 Etymol.

235 3366 310 3429 L.
343 3365 463 3430 Gr.
493 3386 563 3450 p.
586 3366 738 3447 468.
951 3390 958 3403 ·

223 3500 226 3503 -
317 3485 384 3551 p.
411 3468 564 3550 376.
593 3465 684 3529 A.
727 3462 940 3543 ἦλθον*
909 3492 990 3529 απ
1043 3428 1306 3549 ἐμαυτῆς]
1359 3462 1641 3527 Pertinet
1668 3460 1749 3525 ad
1778 3482 2013 3529 nomen
2043 3461 2298 3527 Miner-

233 3590 326 3632 vae
361 3566 525 3647 Νηΐθ,
568 3564 755 3653 cujus
798 3566 966 3631 hanc
1007 3563 1597 3651 interpretationem
1644 3562 1855 3649 tangit
1897 3564 1939 3628 J
1940 3562 2301 3631 ablonskms

209 3667 464 3733 ·Panth.
495 3668 654 3755 AEg.
684 3671 754 3733 P.
789 3670 846 3731 Ι.
875 3690 941 3755 p.
967 3684 1075 3751 74.
1105 3680 1172 3732 et
1197 3664 1591 3733 Vocabular.
1623 3664 1781 3752 AEg.
1812 3686 1879 3751 p.
1910 3666 2056 3730 161.

316 3772 468 3855 376·
495 3769 580 3834 A.
607 3770 746 3849 Σὴθ,
757 3769 994 3849 mnia...
1027 3770 1124 3833 ...a
1151 3768 1337 3853 2522]
1380 3748 1727 4055 Βξήωο
1752 3764 2025 3833 vidimus
2050 3787 2120 3862 Ρ
2142 3766 2298 3851 367.
2348 3819 2355 3829 ,

233 3874 324 3939 D.
365 3887 518 3958 371.
552 3872 631 3936 B.
671 3870 753 3937 de
782 3868 1086 3950 fecundo,
1112 3885 1265 3955 371.
1295 3868 1373 3933 Β.
1403 3866 1447 3931 d
1514 3880 1706 3933 tertto
1734 3865 1875 3953 egit
1900 3865 2299 3933 Jablonskius
2412 3880 2422 3889 ‘

229 3974 416 4053 item,
447 3972 678 4039 Panth.
708 3974 866 4060 AEg.
897 3973 966 4038 P.
1000 3973 1124 4037 III.
1156 3993 1223 4059 p.
1251 3988 1374 4039 110
1422 3987 1497 4034 11
1597 3980 1667 4033 et
1692 3967 2014 4035 Vocabul.
2034 3968 2196 4055 AEg.
2228 3988 2296 4055 p.

233 4078 383 4266 3138
357 4180 462 4263 76
487 4180 566 4243 Β.
597 4178 690 4241 τὸν
717 4176 1172 4262 σίδηρον-ἀπορι
1161 4174 1289 4259 '·oev]
1329 4171 1895 4260 Comparationem
1920 4168 2141 4234 offium
2158 4170 2293 4257 Ty.

232 4282 460 4373 phonis
505 4302 660 4370 com
704 4279 896 4359 ferro,
939 4300 1020 4345 ex
1064 4273 1515 4364 hippopotami
1556 4272 1803 4341 ratione
1842 4272 2297 4367 interpretatur
