2850 4817
514 398 632 476 308
794 395 875 455 D.
916 395 1015 462 W.
1058 390 1460 454 ANIMADV.
1501 391 1592 450 IN
1633 385 2108 470 PLUTARCHI
2147 387 2308 446 LIB.

514 580 584 645 p.
610 556 765 642 387.
806 537 888 619 E.
954 555 1057 618 In
1101 551 1399 640 Sympos.
1447 552 1530 614 L.
1575 551 1634 614 I.
1683 569 1749 636 p.
1791 549 1945 632 615.
1989 547 2070 610 E.
2113 559 2184 611 et
2226 548 2621 634 Fragment.

514 658 726 727 eidem
757 655 1187 764 colloquentis
1216 653 1454 718 dantur
1479 665 1715 739 partes.
1794 648 1982 714 Harl.
2015 648 2264 714 omittit
2293 651 2371 713 δὲ.

600 761 752 847 548.
792 759 871 823 B.
931 740 1100 820 Ἀλλ’
1148 781 1207 818 ου
1188 758 1253 818 ”ὃ
1302 759 1347 819 εἴ
1390 753 1612 834 βαλὼν,
1654 752 1819 832 εἶπεν,
1868 751 2204 837 ἀπηλλάγη,
2244 759 2510 824 καλῶςε
2481 751 2618 837 εἶχε

515 889 637 952 mg·
640 866 769 950 οςᾷν
801 885 863 924 το
900 857 1090 939 βέλος
1102 855 1468 943 ἐγκείμενοι]
1521 854 1772 920 Eximia
1813 853 2082 920 omnino
2125 853 2212 917 est
2253 853 2615 940 elegantia,

400 1013 413 1024 .
464 979 471 992 ·
517 987 646 1054 qua
680 961 1060 1029 Plutarchus
1086 958 1388 1047 Epicurei
1425 957 1692 1022 diReria
1727 978 1880 1021 cum
1921 955 2068 1020 telis
2103 969 2464 1042 comparat,
2493 979 2613 1020 ea-

516 1089 643 1154 que
688 1064 883 1130 duRa
932 1085 1012 1128 ex
1060 1059 1524 1127 consuetudine
1574 1058 1972 1145 optimorum
2023 1059 2450 1144 Scriptorum,
2491 1059 2610 1144 qui

515 1167 746 1255 saepius
788 1165 855 1230 id
898 1163 1075 1252 quod
1116 1164 1235 1229 five
1272 1175 1462 1228 acute
1499 1161 1620 1226 five
1653 1160 1943 1226 acerbe'
1924 1184 1992 1226 m
2033 1159 2315 1246 aliquem
2355 1160 2606 1226 dietum

411 1263 419 1270 ’
515 1271 964 1355 est,tanqua1n
994 1266 1173 1330 telum
1198 1265 1429 1352 miffum
1461 1265 1572 1351 qffe
1585 1263 1849 1328 dicunt.
1929 1261 2035 1327 Sic
2066 1263 2250 1328 Plato
2276 1263 2608 1328 Theaetet.

514 1394 583 1459 p.
620 1391 762 1457 130.
810 1369 891 1434 C.
936 1368 1019 1434 de
1059 1365 1574 1432 Lacedaemoniis
1615 1365 1746 1430 ait.
1793 1363 1862 1430 ἄν
1904 1365 2030 1430 τινά
2068 1393 2152 1440 τις
2189 1365 2276 1452 ἔρῃ
2315 1362 2566 1453 &cupi

514 1473 790 1563 φαρέτρας
828 1469 1177 1560 papan-lcum
1215 1468 1596 1556 αἰνιγματώδη
1640 1473 1992 1544 ἀνασπῶντες
2033 1468 2450 1548 ἄποτοξεῦουσι·
2495 1467 2604 1557 κᾷν

512 1577 709 1654 τούτου
738 1577 896 1661 ζητῇς
924 1571 1093 1660 λόγον
1120 1574 1344 1653 λαβεῖν,
1374 1571 1512 1636 vlf
1459 1599 1484 1636 ε
1488 1594 1682 1659 Ἡρηκεν
1718 1571 1807 1636 ἑτέ
1781 1598 1883 1658 epo?
1911 1574 2160 1660 πεπλῆξῃ
2189 1583 2386 1649 καινῶς
2412 1597 2598 1656 μετω-

516 1674 867 1763 νομασμένοι).
955 1675 1191 1762 Neque
1234 1673 1520 1739 multum
1563 1671 1776 1738 differt
1810 1674 1973 1738 alius
2011 1673 2198 1739 locus
2241 1673 2492 1740 Phileb.
2533 1696 2599 1761 p.

398 1817 403 1824 ·
516 1795 625 1864 77.
666 1778 775 1844 C..
835 1780 914 1841 In
962 1779 1217 1866 Protag.
1263 1798 1331 1862 p.
1365 1796 1512 1862 205.
1549 1778 1638 1841 D.
1711 1778 2025 1842 Socrate&
2067 1789 2598 1863 argumentorum

514 1881 579 1944 vi
619 1881 915 1958 obrutus,
962 1901 1112 1943 cum
1157 1878 1315 1966 quid
1361 1877 1794 1963 responderet,
1845 1900 1977 1942 non
2023 1877 2315 1958 haberet,
2365 1877 2597 1942 dicitur

516 1982 848 2068 ἳλιγγιᾶσοιμ
872 1980 1056 2067 ὥσπερ
1086 1981 1186 2045 ὑπὸ
1216 1986 1427 2044 munii
1455 1981 1670 2066 ἀγαθοῦ
1697 1979 1954 2064 πληγείς.
1994 1979 2170 2066 quod
2195 1981 2490 2046 imitatus
2517 1981 2596 2044 est

512 2085 809 2152 Julianus
836 2084 1066 2151 Caesar.
1094 2106 1163 2171 p.
1185 2103 1340 2169 334.
1362 2084 1453 2147 A.
1483 2097 1548 2147 et
1581 2084 1970 2172 Hieronym.
1997 2083 2190 2170 Epist.
2213 2086 2594 2150 LXXXIII.

512 2188 686 2252 Illico
712 2188 875 2268 mihi,
903 2189 1073 2276 quqfi
1098 2185 1466 2272 afortffmo
1488 2185 1694 2274 pugile
1715 2188 2010 2274 percuffus
2037 2188 2226 2273 qffem,
2253 2201 2397 2252 ante
2424 2187 2598 2252 oculos

514 2289 712 2376 caligo
742 2287 1035 2377 obversari
1060 2288 1240 2376 coe‘pit
1254 2314 1282 2368 ,-
1300 2285 1629 2375 statimque
1656 2291 1992 2353 recordatus
2023 2290 2592 2380 Chrysippeifiphg's-

514 2393 717 2473 matis,
747 2405 875 2457 cet.
966 2389 1071 2456 Illi
1097 2390 1293 2456 fimile
1319 2388 1406 2456 est
1434 2390 1599 2455 illud
1625 2392 1954 2457 Juvenalis
1985 2394 2121 2457 Sat.
2150 2395 2274 2458 VI.
2305 2394 2391 2460 vs.
2425 2409 2565 2478 173.

1370 2504 1484 2557 aut
1511 2506 1744 2558 curtum
1750 2493 2025 2581 sermone
2049 2507 2240 2560 rotato

858 2593 1156 2681 Torqueat
1190 2593 1571 2678 enthymema.

514 2698 675 2764 VII.
707 2695 798 2760 vs.
834 2709 981 2780 157.

856 2822 1252 2886 -·-—-quae
1276 2801 1528 2866 veniant
1555 2802 1795 2888 diversa
1819 2815 1992 2889 parte
1995 2803 2289 2891 sagzttae

380 2890 389 2899 ”
496 2900 609 2966 ita
638 2900 723 2965 vs.
752 2919 899 2987 194.
985 2901 1324 2982 Jaculator‚
1352 2902 1468 2989 qui
1500 2917 1690 2968 acute
1719 2895 1875 2998 q'uid
1903 2901 2088 2970 dixit.
2177 2905 2394 2990 Ipsum
2437 2902 2580 2984 βάλ-

515 3016 633 3068 λειν
658 3003 961 3090 exquisite
996 3001 1077 3068 de
1112 3003 1686 3092 difleriisjaciendis
1713 3003 1975 3086 dicitur,
2005 3005 2177 3093 apud
2204 3003 2588 3092 Sophoclem'

515 3104 705 3193 Ajac.
732 3105 816 3170 vs.
848 3107 1036 3172 1261.
1109 3105 1344 3170 Electr.
1375 3106 1462 3170 vs.
1484 3121 1638 3190 571.
1711 3106 2040 3193 Aristoph.
2077 3107 2467 3196 Thesmoph.
2501 3106 2575 3172 vs.

306 3183 325 3204 ⁶
450 3209 667 3297 6903.
718 3207 1125 3274 Numenium
1148 3228 1255 3293 ap.
1278 3208 1512 3274 Euseb.
1541 3209 1612 3274 P.
1639 3209 1717 3273 E.
1743 3211 1822 3275 L.
1846 3211 2035 3301 XIV.
2065 3232 2133 3298 p.
2159 3227 2311 3297 732.
2336 3211 2416 3277 C.
2471 3213 2577 3302 Sy-

513 3311 754 3376 nefium
784 3309 989 3376 Dion.
1025 3331 1091 3397 p.
1122 3311 1271 3376 108.
1301 3312 1390 3378 A.
1469 3311 1880 3399 Phrynichus
1919 3319 2198 3401 Παρασκ.
2246 3314 2394 3399 Σοφ.
2440 3315 2573 3380 MS.

512 3433 708 3500 quem
767 3411 989 3478 locum
1044 3435 1305 3500 mecum
1355 3414 1860 3498 communicavit
1914 3416 2058 3482 Cel.
2118 3416 2568 3482 Ruhnkeniusz

510 3514 759 3579 Βάλλαν
813 3514 1181 3597 σκώμμασιν,
1227 3516 1293 3578 τὸ
1318 3559 1323 3564 -
1350 3516 1648 3580 σκώπτειν·
1708 3519 1806 3581 καὶ
1857 3517 2108 3582 Βάλλειν
2162 3518 2470 3606 λοιδορίαις,
2518 3517 2572 3582 τὸ

509 3619 785 3702 λοιδορεῖν·
834 3615 931 3680 ’tal
975 3616 1225 3682 Βάλλειν
1271 3622 1456 3705 ἀραῖς.
1529 3616 1769 3685 AElsan.
1800 3619 1995 3707 Epist.
2019 3622 2086 3685 ·I.
2131 3621 2230 3684 καὶ
2263 3616 2570 3707 ὥραῒζομένη

363 3739 375 3748 ‘
507 3721 735 3792 πολλοῖς
766 3716 981 3799 ἔβαλλε
1021 3724 1135 3796 τοῖς
1177 3719 1515 3804 σκώμμασι.
1607 3721 2018 3787 Philostratus
2055 3724 2241 3788 chn.
2277 3724 2359 3786 L.
2393 3724 2445 3786 I.
2478 3735 2568 3803 27.

508 3839 577 3905 p.
602 3819 751 3887 802.
783 3819 871 3885 de·
896 3821 1241 3907 Capaneo:
1286 3821 1541 3908 πρότερος
1575 3823 1678 3905 μὶν
1705 3823 1859 3906 οἶμαι
1889 3823 2084 3910 κόμπῳ
2111 3821 2308 3906 βαλοὸν
2333 3821 2422 3888 τδν
2446 3820 2564 3885 Δία.

507 3941 640 4007 quo
674 3921 847 4004 loco,
875 3945 1027 3988 cum
1069 3924 1237 3992 Cod.
1276 3925 1487 3990 Laud.
1528 3923 1763 3990 habeat
1787 3927 1920 4014 πρὸς
1947 3928 2040 3991 τὸν
2069 3926 2212 4006 Δία,
2242 3926 2413 3994 idem
2443 3921 2563 3990 Cel.

337 4018 349 4030 ⁸
467 4023 861 4089 ·Ruhnken.
948 4025 1307 4114 Sophistam
1349 4026 1642 4112 scripfiffe
1683 4040 1903 4113 putat.
1951 4038 2326 4112 κομπολακῶν
2347 4029 2468 4113 πρὸς
2488 4050 2566 4088 τον

506 4123 647 4188 Δία.
734 4127 1072 4213 Eruditam
1118 4129 1556 4217 conjecturam
1612 4131 1950 4196 confirmat
1987 4131 2133 4218 ipse
2183 4131 2566 4198 Philostratus

236 4258 267 4270 “
365 4264 421 4326 ’.
506 4214 692 4289 ¹⁰⁰³
738 4229 815 4292 L·
862 4230 954 4292 ῙῙ·
997 4248 1106 4315 3Ῑ·
1153 4252 1223 4317 Ρ·
1266 4231 1431 4316 8552
1480 4231 1780 4313 κομπάσας
1821 4249 1883 4296 *ι’-ε
1929 4236 1981 4308 ἐς
2020 4234 2114 4297 τόν
2155 4230 2301 4313 Δία,
2352 4232 2568 4322 κεραυνῷ

504 4325 728 4404 &Rhion-
817 4330 1105 4398 Verbum
1145 4336 1522 4415 κομπολακεῒν
1552 4335 1640 4398 est
1665 4333 1838 4421 apud
1867 4332 2279 4419 Aristophan.
2313 4336 2466 4400 Rau.
2492 4329 2567 4398 vs·
