2850 4817
560 332 677 410 358
838 329 919 394 D.
961 327 1061 387 W.
1101 277 1498 388 ANIMADV.
1539 323 1630 383 IN
1671 321 2146 392 PLUTARCHI
2185 321 2348 382 LlB.

558 491 655 555 καὶ
696 487 915 577 πικρίᾳ.
1003 483 1448 574 Superstition-
1492 504 1560 571 p.
1597 500 1744 566 170.
1780 485 1860 548 E.
1949 481 2222 569 Dionys.
2257 480 2419 546 Hal.
2447 481 2536 546 A.
2567 481 2636 546 R.

558 593 639 656 L.
680 594 770 657 II.
802 613 867 679 p.
897 605 1004 678 97.
1040 590 1229 673 πικρὸν
1272 588 1370 651 καὶ
1414 585 1750 671 τυραννικόν.
1819 584 2063 672 Iulian.
2095 583 2211 650 Or.
2241 585 2298 648 I.
2328 604 2397 671 p.
2426 603 2540 666 40.
2565 583 2636 648 B.

558 693 787 760 Liban.
820 690 1115 760 Declam.
1148 689 1335 754 XIX.
1366 691 1432 776 p'.
1460 705 1615 774 507.
1649 687 1728 773 C.

645 815 796 882 553.
818 797 905 860 A.
934 794 1293 882 Τςαχῦτητα
1319 787 1637 878 xor-henim]
1671 789 1778 856 Sic
1807 788 1966 854 Ald-
1995 790 2139 856 Bas.
2171 802 2240 854 et
2267 788 2444 854 Voff.
2517 787 2636 852 Sed

565 898 737 964 Coll.
776 897 1035 962 Schott.
1085 895 1266 960 Harl.
1302 896 1381 960 Τ.
1420 895 1506 960 V.
1546 893 2004 981 Β.”τςαχῦτητα
2044 895 2278 971 λεπτὴν,
2311 889 2484 978 quod
2521 889 2640 954 Ioci

564 999 874 1067 sententia
916 997 1183 1064 omnino
1228 993 1488 1083 respuit.
1576 998 1838 1069 Χαλεπὸς
1883 1007 1952 1060 et
1985 996 2183 1069 λεπτὸς
2210 993 2475 1060 confusa
2501 993 2638 1057 sunt

564 1102 631 1168 in
680 1101 943 1168 Platone
989 1098 1196 1167 Critia
1240 1121 1306 1186 p.
1344 1099 1494 1183 558.
1542 1099 1620 1163 E.
1710 1099 1797 1162 Et
1823 1084 1960 1162 hao'
1980 1096 2420 1162 observatione
2451 1095 2636 1160 sanari

566 1204 735 1270 forte
778 1201 1016 1292 poterit
1059 1200 1472 1265 Aristaenetus
1519 1200 1599 1264 L.
1642 1199 1696 1264 I.
1736 1201 1859 1284 Ep.
1887 1218 1955 1285 3.
2001 1201 2229 1284 εὐκραῆς
2257 1199 2329 1268 ,ὃέ
2368 1200 2464 1262 καὶ
2491 1205 2522 1275 ἡ
2547 1204 2634 1261 τοῦ

568 1305 790 1393 ζεφύρου
832 1307 961 1382 πνοὴ
1005 1301 1068 1367 ra
1111 1303 1311 1365 λεπτὸν
1352 1299 1480 1384 ἅμα
1519 1300 1970 1388 παραμυθουμένη
2015 1305 2108 1376 τῆς
2159 1298 2324 1385 ὧρας·
2373 1300 2634 1388 legendo

564 1411 781 1486 -πνοὴ
805 1407 869 1469 τὸ
892 1405 1153 1490 χαλεπὸν
1179 1410 1375 1486 καῦμα
1401 1430 1470 1467 π.
1500 1429 1557 1466 τ.
1589 1399 1654 1466 ὦ.

651 1527 691 1594 5
696 1524 803 1596 53
838 1506 920 1569 A.
933 1505 1285 1593 Κᾳθάςαι]
1338 1504 1722 1591 Legendum
1751 1505 1838 1570 est
1867 1527 2016 1570 cum
2046 1505 2225 1569 Voff.
2256 1507 2516 1594 καθξιςαι,
2539 1530 2630 1570 ex-

563 1627 851 1700 purgare,
884 1631 923 1673 a
951 1607 1247 1694 καθαίρειν.
1338 1608 1515 1672 Nam
1562 1630 1773 1694 neque
1803 1629 1842 1672 a
1870 1605 2173 1693 καταίρειν,
2202 1607 2383 1693 quod
2413 1608 2512 1674 hic
2540 1608 2630 1672 lo-

568 1735 720 1780 cum
762 1733 891 1776 non
922 1707 1193 1788 invenit,
1222 1711 1348 1776 hoc
1379 1711 1502 1775 est·
1486 1735 1502 1774 z
1551 1732 1760 1796 neque
1787 1731 1826 1775 a
1848 1710 2144 1798 καθαιρεῖν,
2173 1710 2348 1796 quod
2381 1711 2633 1796 postulat

570 1817 927 1902 καθαιςῆσαι.
998 1812 1128 1876 Sed
1160 1812 1225 1876 in
1254 1810 1358 1876 his
1385 1811 1651 1876 vocibus
1686 1811 2041 1876 innumeris
2068 1811 2228 1876 locis
2257 1813 2429 1877 vario
2455 1811 2630 1878 modo

572 1915 923 2006 pecearunt
950 1913 1230 1991 librarii3
1276 1912 1359 1977 de
1388 1934 1519 1999 quo
1547 1910 1700 1977 alibi
1727 1911 1986 1977 dicendi
2015 1912 2136 1978 erit
2165 1911 2376 1978 locuS.

657 2036 809 2106 553.
843 2019 927 2082 A.
972 2017 1241 2102 Μάριος.]
1299 2016 1499 2106 Quod
1543 2013 1687 2081 libri
1735 2015 2030 2081 nonnulli
2081 2015 2326 2081 habent
2372 2015 2530 2092 Γαίος
2573 2029 2632 2082 et

574 2122 699 2188 Καί
679 2148 751 2198 ιος
802 2121 975 2185 idem
1031 2120 1140 2183 est.
1232 2118 1629 2206 Intelligitur
1682 2118 2030 2204 imperator
2085 2119 2286 2184 Caius
2337 2118 2633 2208 Caligula,

578 2225 689 2313 qui
716 2221 1079 2310 simpliciter
1109 2219 1307 2287 Caius
1335 2234 1600 2286 vocatur
1623 2245 1662 2286 a
1690 2221 2126 2307 scriptoribus.

660 2341 813 2414 553.
845 2326 931 2389 Α.
947 2322 1089 2387 ’Ότι
1114 2322 1386 2388 Tema-lav
1412 2325 1616 2408 παῖδα]
1670 2321 1999 2401 fTeletiae,
2030 2336 2143 2388 aut
2170 2321 2365 2410 hujus
2395 2323 2636 2390 omnino

579 2427 753 2506 faeti,
794 2425 970 2492 nulla
1010 2428 1097 2490 est
1140 2425 1311 2511 apud
1354 2425 1514 2490 alios
1553 2423 1824 2490 mentio.
1908 2423 2064 2510 Ejus
2101 2424 2365 2511 quidem
2396 2445 2636 2498 nomen,

578 2543 843 2600 notante
894 2527 1037 2593 Cel.
1095 2527 1368 2607 Reifkio,
1419 2526 1616 2615 hujus
1664 2526 1794 2593 loci
1841 2527 2220 2608 aubloritate
2261 2528 2332 2592 in
2378 2527 2636 2592 indicem

579 2627 1073 2696 Hieronicamm
1104 2629 1326 2696 retulit
1352 2633 1429 2696 E.
1467 2631 1791 2696 CorfinuS.
1835 2630 2012 2697 Voff.
2043 2629 2130 2694 ὅτε
2157 2630 2452 2698 Τελητίαν.
2495 2629 2642 2698 Ald.

577 2746 645 2797 et
670 2732 812 2796 Bas.
843 2731 931 2795 ὅτε
958 2731 1262 2810 Τελητίαν.

662 2851 815 2920 553.
855 2836 934 2901 B.
990 2836 1307 2912 Σικῠωνίοις
1356 2838 1460 2920 μὲν
1507 2835 1859 2924 Ὀρθαγόρας
1907 2835 2190 2922 γενόμενος
2240 2833 2510 2919 τύραννος,
2549 2833 2632 2898 καὶ

578 2939 701 3022 μετ’
730 2942 924 3020 ἐκεῖνον
952 2945 1000 3006 οἶ
1024 2941 1145 3026 περὶ
1175 2941 1423 3027 Μύρωνα
1453 2942 1548 3004 καὶ
1581 2939 1960 3027 Kamai-mm]
2013 2938 2400 3026 Orthagorae
2427 2938 2629 3024 Sicyo-

581 3041 834 3108 niorum
870 3041 1128 3131 tyranni
1165 3042 1464 3107 meminit
1501 3043 1874 3108 Aristoteles
1915 3041 2192 3129 Republ.
2235 3044 2314 3106 L.
2344 3044 2428 3106 V.
2458 3063 2512 3104 c.
2545 3057 2632 3102 12.

582 3147 902 3230 Eumque,
934 3145 1301 3231 priusquam
1332 3146 1741 3232 tyrannidem
1769 3144 2138 3232 capess'eret,
2168 3166 2452 3230 coquum
2475 3137 2634 3217 ‚fiiiffe

582 3248 823 3310 constat
866 3269 945 3310 ex
988 3245 1262 3312 Libanio
1307 3247 1490 3312 Orat.
1531 3247 1845 3334 Bongiov.
1883 3246 2042 3312 edit.
2071 3247 2233 3311 XII.
2273 3267 2344 3332 p.
2377 3265 2514 3330 215.
2553 3268 2636 3324 pa·

585 3347 710 3434 κςόν
734 3346 803 3411 ἄν
829 3349 1178 3436 Ὀρθαγόρας
1204 3352 1352 3432 μετὰ
1380 3349 1602 3426 τούτους
1640 3349 1805 3429 δόξειε
1827 3347 2119 3423 ’Σικυῶνος
2147 3358 2366 3435 κρατῶν
2396 3354 2424 3411 ὁ
2447 3347 2635 3431 μάγει-

468 3474 560 3536 45
586 3472 673 3535 9⁰⁵
688 3460 743 3510 g.
835 3447 1066 3513 Posteri
1108 3449 1274 3537 ejnn,
1305 3472 1421 3537 per
1454 3465 1720 3530 centum
1747 3471 1949 3514 annos
1975 3449 2058 3514 ab
2087 3471 2168 3513 eo
2197 3461 2635 3535 acceptamte·

587 3564 867 3615 nuerunt
893 3551 1329 3638 tyrannidem,
1359 3575 1634 3640 quorum
1664 3551 1986 3639 inprimis
2011 3552 2305 3616 feruntur
2333 3553 2564 3638 Myron
2585 3558 2640 3611 et

584 3651 723 3740 ejus
752 3674 956 3741 nepos
988 3654 1367 3720 Clisthenes.
1442 3654 1610 3721 Vide
1644 3654 2058 3720 Herodotum
2085 3656 2166 3719 L.
2197 3655 2284 3720 V.
2319 3675 2378 3718 c.
2405 3655 2510 3738 67.
2539 3651 2637 3715 VI.

588 3775 648 3818 e.
684 3744 828 3821 126.
876 3767 943 3820 et
970 3754 1061 3821 ibi
1092 3756 1160 3819 Ρ.
1188 3754 1570 3842 Weffeling.
1611 3767 1754 3820 tum
1788 3753 2186 3820 Aristotelem
2224 3753 2271 3819 1.
2303 3776 2363 3819 c.
2405 3769 2471 3820 et
2499 3756 2639 3818 Pau-

588 3854 821 3922 saniam
866 3858 945 3922 L.
986 3859 1075 3922 11.
1116 3879 1177 3922 c.
1209 3858 1275 3922 8.
1318 3856 1436 3922 ubi
1479 3879 1596 3944 pro
1638 3857 1870 3944 Πύῤῥων
1913 3855 2086 3924 τεᾶε
2129 3857 2399 3944 corrigit
2439 3857 2642 3942 Μύρων,

654 4014 676 4049 ἲ
700 3996 947 4084 ΤεῙεῐὶεᾷῇ
986 4019 1112 4068 Haec
1133 4019 1361 4070 videntur
1386 4030 1492 4068 orta
1519 4034 1582 4068 ex
1718 4068 1722 4072 ,
1743 4023 1770 4062 8
1793 4020 1989 4070 Hellad.
2013 3996 2197 4069 Chresti.
2217 4027 2333 4084 p..6.
2379 4021 2467 4068 Ed.
2490 4015 2644 4066 Meurf.

588 4098 733 4148 simili
752 4099 878 4150 fabio
900 4099 1245 4162 Sicyoniorum
1260 4103 1395 4165 quod
1415 4105 1484 4150 est
1503 4117 1582 4165 ap.
1677 4103 1750 4151 nil
1788 4103 1969 4154 Meurs.
2009 4113 2178 4152 annot.
2219 4101 2365 4150 Phot.
2395 4100 2574 4150 Schotti
2605 4112 2644 4161 p·

591 4178 733 4226 Max.
752 4181 871 4243 Tyr.
894 4183 1081 4231 xxw.
1111 4192 1154 4233 1.
1682 4193 1825 4242 1⁵7⁹·
