2850 4817
528 341 535 346 .
601 295 717 354 nn
756 302 823 354 m
866 295 1305 372 namuco,
1348 317 1404 378 p.
1436 297 1871 377 ³89·1='-390·
1899 301 1974 359 B.
2217 303 2328 382 285

233 453 439 533 nium,
466 453 747 520 dimidius
751 455 971 542 finus.-
1002 455 1197 544 hujus
1224 456 1382 522 item
1412 423 1686 544 duplun‘i
1715 458 1886 535 τόνος·
1919 459 2115 548 hujus
2136 483 2332 548 porro

238 555 523 643 duplum
556 556 793 624 δίτονονι
826 557 995 624 inter
1016 559 1149 624 duo
1176 560 1490 646 postrema
1517 560 1924 649 interjetstum
1957 563 2334 650 τριημιτόνιον,

238 657 461 746 magis
505 659 768 748 adscivit
814 658 949 746 ipse
992 660 1075 725 ad
1121 659 1536 747 explendum.
1565 661 1928 728 nnmerum'
1943 663 2332 750 quinarium,-

240 781 451 845 quam
492 761 697 848 vulgo.
736 762 1125 827 celebratam
1164 785 1205 829 a
1246 762 1618 830 docloribus
1657 763 1812 835 artis
1843 765 2118 852 accepit.
2207 767 2338 832 Sed

238 861 610 942 διαστῆματα
652 861 1011 943 intervalla,
1057 862 1199 928 haec
1242 865 1389 930 sunt
1420 865 1651 951 prima,
1690 882 1760 932 et
1801 866 2019 932 iisdem
2062 887 2335 955 propor-

242 961 539 1028 tionibus
576 966 918 1030 censentur
960 966 1197 1053 quibus
1218 967 1638 1056 firmphoniae3
1676 991 1872 1056 quare
1915 984 1983 1035 et
2025 969 2155 1056 ipsa
2194 971 2338 1058 pos-

140 1065 149 1068 ’
244 1066 405 1132 sunt
440 1067 522 1131 ad
566 1089 909 1134 numerum
954 1069 1323 1156 quinarium
1369 1071 1598 1158 redigi.
1675 1071 1871 1138 Conf.
1913 1073 2140 1138 Theon
2183 1075 2337 1140 Ma-

248 1167 463 1234 them.
500 1171 663 1236 Plat.
696 1194 762 1259 p.
788 1174 895 1256 76,
926 1188 1061 1257 77..

148 1315 157 1320 -
270 1359 275 1364 ι
341 1271 493 1358 389.
518 1275 589 1338 F.
620 1274 713 1337 τὸν
741 1275 1221 1339 Πλάτωνα-καὶ
1244 1275 1668 1363 Ἀριστοτέλης]
1702 1279 1787 1341 Et
1813 1275 1958 1342 haec
1987 1277 2343 1344 tractantur

248 1378 361 1442 De
390 1377 544 1442 Des.
576 1378 767 1443 Orac.
798 1399 864 1464 p.
884 1399 1035 1464 430.
1070 1382 1154 1444 A.
1225 1380 1559 1446 Mundum
1603 1379 1726 1445 effe
1768 1380 2061 1463 unicum,
2106 1381 2341 1448 diserte

252 1476 327 1542 in
354 1477 603 1544 Timaeo
634 1478 1083 1566 pronunciavit
1122 1481 1300 1546 Plato
1339 1503 1406 1568 p.
1437 1494 1592 1566 527.
1633 1482 1740 1547 D:
1788 1482 2006 1570 πότερον
2050 1481 2139 1548 οὖν
2182 1487 2341 1572 ὀρθῶς

253 1580 352 1645 ἵνα
393 1582 613 1667 οὐρανὸν
652 1583 1111 1670 προσοιςῆκοιμεν,
1140 1583 1171 1664 ἢ
1200 1585 1440 1660 πολλοὺς
1466 1587 1564 1648 καὶ
1603 1585 1853 1671 ἀπείρους
1878 1585 2155 1672 λέγεινῆν
2185 1584 2342 1674 ὀρθό-

253 1712 447 1774 ‘rupem
497 1687 609 1752 ἕνα·
658 1685 801 1774 εἴπερ
838 1693 991 1752 κατὰ
1016 1690 1081 1753 τὸ
1108 1688 1474 1776 παράδειγμα
1515 1689 2025 1776 δεδημιουργημένος
2069 1690 2344 1755 ἔσται’-

252 1787 416 1856 item
445 1790 514 1855 in
544 1789 696 1870 fine,
727 1789 1036 1866 κάλλιστός
1063 1817 1123 1856 τε
1154 1792 1249 1854 καὶ
1280 1789 1620 1865 τελεώτατος
1660 1789 1888 1876 γέγονεν
1917 1791 1988 1866 εἷς
2019 1792 2234 1878 οὐρανός
2259 1793 2346 1858 ὅδε

254 1897 552 1979 μονογενὴς
595 1892 685 1978 ὤν·
735 1907 953 1958 tamen
998 1895 1039 1958 fi
1084 1893 1299 1979 plnres
1343 1893 1464 1958 {int
1503 1914 1662 1973 une,
1707 1892 1990 1958 dubitari
2041 1893 2212 1980 pofl'e
2261 1917 2344 1960 an

257 1997 549 2083 quinque
576 1995 733 2060 fint:
772 2019 839 2084 p.
864 2010 1018 2081 537.
1047 1996 1111 2059 A
1134 2021 1149 2061 ε
1196 1993 1416 2080 πότερον
1445 1995 1500 2057 δὲ
1531 1993 1622 2058 ’ἕνα
1651 1993 1684 2072 ἢ
1709 1993 1867 2059 πέντε
1897 1996 2092 2068 αὐτοὺς
2120 1996 2350 2082 ἀληθείᾳ

256 2097 572 2183 ’πεφυκότας
614 2097 801 2184 λέγειν
842 2099 1125 2185 προσ-ἥκει,
1161 2101 1383 2182 μᾶλλον
1414 2095 1511 2177 αὖ,
1540 2097 1714 2184 ταύτῃ
1760 2102 1924 2176 στὰς,
1963 2097 2182 2172 εἰκότως
2223 2101 2349 2162 δια·

372 2202 981 2229 ΙὶΙὶΙὶ

258 2303 561 2389 μηνύει-.
649 2307 733 2369 Et
782 2303 1151 2385 Aristoteles
1201 2303 1433 2388 diserte
1481 2325 1686 2368 unum
1739 2301 1955 2386 statuit
2003 2302 2348 2385 mundum,
2451 2355 2464 2368 .

264 2430 389 2474 nec
418 2407 638 2495 plures
665 2407 786 2472 effe
813 2408 981 2496 pofl'e
1009 2409 1114 2474 De
1144 2406 1333 2473 Coelo
1363 2408 1419 2472 Ι.
1453 2407 1518 2486 8,
1549 2429 1614 2493 9.

346 2531 417 2598 p.
448 2531 601 2597 390.
632 2513 717 2577 A.
746 2508 817 2575 ὧν
846 2516 873 2574 ὁ
900 2510 1001 2593 μέν
1030 2515 1151 2574 ἔστι
1180 2510 1752 2600 γῇς-δωδεκάεδρον]
1791 2508 2096 2576 Quatuor
2125 2510 2350 2597 figurae

260 2621 615 2700 corporum
661 2614 921 2702 fingulis
964 2613 1327 2693 elementis,
1377 2610 1852 2678 dodecaedrum
1906 2612 2194 2678 universo
2241 2636 2354 2678 ac-

263 2717 646 2783 commodat
678 2716 858 2783 Plato
875 2734 905 2798 ς·
946 2740 1073 2804 qua
1114 2717 1195 2782 de
1240 2739 1307 2782 re
1350 2715 1638 2780 videatur
1680 2715 2060 2781 Plutarchus
2096 2716 2355 2782 Defeci.

265 2820 462 2886 Orac.
494 2843 561 2908 p.
583 2814 734 2902 422.
768 2821 1056 2902 F-428,
1091 2821 1182 2884 D.
1258 2819 1502 2884 Quaest.
1538 2818 1708 2882 Plat.
1734 2819 1854 2884 IV.
1933 2818 2157 2884 placit.
2201 2817 2355 2882 Phi-

262 2921 383 2987 los.
428 2923 522 3012 II.
561 2924 625 2986 6.
677 2945 757 2987 ex
804 2913 1188 3008 Pythagorae
1232 2919 1488 3006 placitis
1534 2921 1812 2984 sumtum
1859 2917 2120 2983 dicitur.
2175 2918 2360 2982 Alci-

265 3047 437 3091 nous
480 3024 779 3090 Doarin.
828 3024 990 3090 Plat.
1034 3023 1202 3110 Cap.
1245 3023 1439 3088 XIII.
1475 3021 1652 3109 quod
1683 3021 1862 3086 Plato
1888 3020 2060 3086 Tim.
2104 3041 2171 3106 p.
2201 3022 2357 3106 536,

266 3142 338 3194 et
381 3141 539 3214 537,
580 3127 693 3192 suo
731 3149 934 3208 more,
964 3126 1173 3213 magis
1214 3124 1520 3212 fignificat
1549 3146 1744 3211 quam
1768 3122 1954 3188 dicit.
1995 3173 2004 3180 .
2047 3121 2358 3189 Ceterum

268 3229 637 3317 quinarium
671 3229 1137 3295 elementorum
1166 3249 1510 3292 numerum
1559 3225 1936 3291 Plutarchus
1963 3225 2116 3290 Def.
2144 3226 2260 3291 Or.
2294 3247 2363 3313 p.

269 3353 427 3419 430.
455 3333 541 3396 A.
576 3331 1014 3398 communicat
1042 3353 1195 3396 cum
1222 3328 1560 3418 Aristotele
1584 3341 1862 3415 quatuor
1891 3327 2361 3394 elementorum

272 3434 673 3522 corporibus,
729 3434 1032 3521 quintum
1086 3454 1321 3519 corpus
1360 3438 1464 3498 ,τοῦ
1503 3435 1744 3518 magma·
1803 3428 2200 3518 adjungente
2254 3432 2361 3496 De

274 3537 490 3618 Coelo,
540 3540 595 3602 Ι.
639 3559 698 3602 1.
744 3537 919 3625 quod
950 3551 1016 3600 et
1042 3543 1073 3614 ἡ
1101 3535 1323 3619 πέμπτη
1363 3532 1528 3596 οὐσία
1555 3545 1843 3613 vocatur,
1865 3545 1951 3610 ,ut
1986 3533 2054 3597 h.
2084 3533 2129 3597 1.
2177 3534 2361 3600 Con-

274 3639 783 3714 feraturPlacit.
805 3638 1035 3714 philos,
1068 3639 1159 3704 11.
1194 3653 1257 3722 7.
1292 3650 1360 3702 et
1388 3635 1612 3710 eadem
1646 3634 1947 3701 Ciceroni
1974 3635 2146 3701 difflza
2176 3637 2363 3712 Tusc.

277 3744 333 3808 Ι.
372 3760 447 3827 ,17
477 3769 494 3808 =
542 3744 753 3832 quinta
794 3741 909 3808 illa
938 3767 1065 3818 ⁴non
1109 3741 1411 3806 nominata
1452 3738 1646 3826 magis
1689 3762 1868 3826 quam
1913 3762 2038 3802 non.
2067 3739 2367 3804 intelleda

274 3858 529 3913 natura.
2127 3911 2135 3918 ,

362 3969 517 4038 390.
568 3949 657 4014 A.
715 3953 819 4036 τοὶς
874 3957 981 4014 τῶν
1032 3935 1334 4028 αἰσθήσεων
1380 3945 1656 4030 δυνάμεις]
1711 3942 1934 4010 Veluti
1982 3941 2164 4006 Philo
2207 3941 2249 4004 J
2254 3940 2366 4006 ud.

276 4052 631 4124 Dezplant.
665 4053 926 4119 Noachi
966 4073 1031 4140 p.
1070 4071 1218 4136 232.
1249 4050 1353 4114 A:
1409 4050 1514 4113 De
1549 4045 1920 4112 Abrahamo
1948 4045 2100 4130 382.
2132 4045 2209 4107 Ε.
2265 4044 2372 4109 De

275 4155 438 4221 Vita
462 4155 634 4220 Mos.
668 4157 819 4220 666.
850 4155 932 4219 C.
1000 4155 1107 4219 De
1133 4151 1470 4238 Decalogo
1500 4173 1567 4238 p.
1599 4164 1748 4236 751.
1775 4147 1853 4227 Β,
1875 4147 1969 4212 C.

365 4279 521 4348 390.
547 4259 625 4324 Β.
671 4251 1013 4344 σῦμὲληξις]
1056 4253 1606 4325 Verifimillimum
1635 4252 1722 4316 est
1752 4249 2049 4334 σύμπηξις.
2139 4227 2370 4336 Sequi-
