2850 4817
571 381 648 461 7⁸
871 377 951 435 D.
992 376 1089 435 w.
1130 373 1527 435 ANMADV.
1569 374 1661 433 m
1700 357 2173 449 rLUTARcm
2212 372 2377 432 Lm.

567 565 636 631 p.
679 539 825 624 178.
869 547 938 601 et
971 534 1276 601 stobaeus
1316 532 1457 599 aliis
1498 532 1659 599 locis
1700 552 1769 619 p.
1798 550 1908 619 92,
1940 550 2091 619 203,
2124 533 2276 612 228,
2304 547 2465 618 350,
2491 552 2679 621 403,
2708 604 2724 615 ,

565 661 721 725 404.
772 642 1035 705 Graecas
1063 636 1338 725 lingulas
1359 635 1627 723 apponit
1646 634 2005 701 historiolae
2028 635 2267 700 horum
2297 635 2676 702 Parallelo-

563 767 744 823 rum,
776 741 911 809 solo
953 740 1072 807 sub
1112 738 1376 803 nomine
1399 738 1739 806 auctorum
1768 736 1913 823 ipfis
1941 736 2468 824 subscriptorum,
2499 762 2565 802 v.
2598 762 2674 803 c.

562 844 870 932 Aristidis,
903 840 1171 929 Sostrati,
1199 840 1556 928 Chrysen-mi,
1582 839 1880 905 aliorum.
1934 838 2099 905 Quo
2122 838 2529 905 documento
2560 841 2679 907 nil

564 949 741 1016 aliud
787 946 1082 1024 efficitur,
1124 944 1235 1010 nifi
1279 944 1477 1010 talem
1522 942 1989 1009 collectionem
2041 941 2471 1031 Historiarum
2504 943 2671 1031 jam

565 1050 812 1120 Stobaei
835 1062 1127 1137 tempore
1151 1046 1353 1113 fuiss'e.
1428 1047 1645 1111 Immo
1655 1044 1803 1132 jam
1832 1043 2141 1111 Clemens
2167 1043 2671 1113 Alexandrinus

563 1155 632 1220 in
674 1157 990 1240 Protrept.
1021 1173 1088 1239 p.
1118 1165 1224 1235 27.
1258 1150 1339 1216 C.
1391 1148 1641 1215 facinus
1682 1146 2032 1213 Erechthei
2068 1160 2138 1213 et
2176 1146 2375 1231 Marii
2412 1147 2483 1211 in
2516 1148 2670 1213 hoc

565 1254 785 1321 libello
825 1253 1056 1341 Capite
1094 1250 1168 1317 κ’.
1206 1272 1274 1339 p.
1314 1270 1467 1337 310.
1502 1251 1594 1315 D.
1638 1248 1936 1328 relatum,
1980 1261 2304 1312 memorat
2344 1247 2669 1328 breviter,

563 1379 698 1422 uno
733 1354 1011 1421 aussoris
1051 1352 1336 1432 nomine,
1373 1351 1663 1416 Dorothei
1689 1350 1757 1413 in
1784 1359 1995 1438 quarto
2018 1348 2389 1429 Italicorum,
2419 1361 2493 1415 et
2520 1351 2665 1436 Py-

563 1458 812 1527 thoclem
836 1460 890 1523 ἐν
910 1456 1160 1545 τετάρτῳ
1185 1457 1483 1521 Ἰταλικῶν
1510 1454 1673 1519 citat
1698 1456 1938 1519 Strom.
1972 1453 2029 1520 I.
2060 1475 2129 1541 p.
2152 1472 2306 1541 334.
2326 1454 2421 1518 D.
2464 1455 2665 1542 Quin

563 1562 727 1628 illud
758 1559 983 1625 Parall.
1021 1558 1088 1622 δ’.
1127 1580 1198 1645 p.
1233 1560 1386 1644 306.
1415 1560 1495 1622 E.
1527 1556 1611 1623 de
1637 1556 2055 1622 Annibale'in
2083 1556 2325 1637 Sicilia,
2356 1558 2439 1621 ab
2468 1557 2659 1621 AEli-

563 1687 691 1730 ano
744 1682 1007 1750 quoque
1055 1660 1329 1725 relatum
1381 1656 1561 1736 fuiffe
1612 1671 1880 1745 apparet
1926 1680 2007 1723 ex
2052 1658 2199 1747 ejus.
2248 1661 2659 1745 Fragmento

509 1830 516 1835 .
559 1764 733 1852 apud
760 1763 1027 1829 Suidam
1054 1765 1221 1830 Voc.
1249 1760 1497 1827 Ταινίαι.
1582 1760 1821 1849 Neque
1848 1782 1977 1849 ego
2006 1782 2235 1826 omnes
2261 1760 2653 1844 historiolas,

562 1887 790 1933 omnes
825 1864 1138 1945 au&ore8‚
1168 1886 1446 1951 quorum
1474 1862 1716 1928 nonnifi
1747 1863 1815 1927 in
1846 1863 1973 1928 hoc
2002 1862 2222 1929 libello
2250 1861 2503 1927 mentio
2530 1886 2658 1929 ex-

559 1969 700 2048 stat,
727 1967 812 2033 ab
845 1965 987 2054 ejus
1020 1966 1251 2054 opifice
1279 1967 1587 2035 confictos
1615 1966 1739 2032 effe
1766 1966 2009 2030 dicam:
2053 1965 2389 2053 plerosque
2418 1978 2651 2031 tamen

559 2070 793 2138 dicam.
884 2068 1206 2135 Habuerit
1229 2073 1236 2077 ’
1257 2070 1555 2157 quaedam
1604 2092 1685 2134 ex
1734 2068 2020 2133 fontibus
2078 2067 2374 2133 turbidis.
2462 2070 2649 2133 Nam

557 2174 802 2239 constat
843 2170 1021 2237 fuiffe
1049 2184 1118 2236 et
1143 2184 1294 2237 ante
1322 2184 1392 2237 et
1421 2172 1557 2258 post
1587 2170 1859 2236 Graeciae
1889 2171 2120 2235 statum
2149 2169 2457 2236 Romanis
2488 2172 2647 2236 sub-

543 2274 824 2363 jeetum,
872 2274 985 2361 qui
1034 2296 1136 2339 res
1179 2276 1503 2339 Romanas
1554 2274 1783 2338 Graece
1822 2273 2293 2342 conscriberent
2338 2272 2649 2339 homines

554 2376 801 2443 indocti
843 2390 914 2441 et
951 2375 1294 2456 temerarii,
1345 2397 1621 2462 quorum
1664 2375 1862 2441 libros
1905 2375 2149 2441 indocti
2186 2376 2403 2441 Graeci
2438 2376 2647 2464 vulgo

554 2479 938 2546 leaitarent.
1027 2477 1156 2544 Sed
1185 2476 1306 2542 hos
1337 2500 1467 2543 non
1497 2477 1612 2543 diu
1640 2478 1899 2566 viguiss‘e
1926 2478 2233 2545 credibile
2260 2480 2348 2546 est
2376 2501 2498 2545 nec
2524 2481 2643 2545 nifi

552 2582 831 2671 syllogas
859 2580 1163 2667 quasdam
1187 2602 1269 2645 ex
1291 2579 1370 2645 iis
1397 2580 1595 2646 facias
1624 2582 1927 2660 manfiffe,
1954 2581 2163 2669 qualis
2182 2582 2273 2647 est
2300 2581 2488 2647 hicce
2519 2584 2644 2648 Pa-

552 2685 919 2753 rallelorum
961 2683 1239 2749 libellus·
1329 2684 1530 2773 Quod
1568 2698 1786 2753 autem
1830 2686 1895 2751 in
1941 2686 2264 2775 Lampriae
2312 2686 2645 2777 catalogo

553 2790 760 2854 Num.
797 2786 1110 2852 CXXVI.
1154 2800 1633 2869 annumeratur,
1666 2790 1966 2875 Διηγῆσεις
2000 2788 2383 2876 παράλληλοι,
2408 2790 2643 2871 Ἑλλη-

553 2893 701 2957 νικαὶ
729 2889 828 2955 καὶ
850 2886 1187 2970 ‘pumma
1253 2888 1645 2979 ’E'armougdm
1688 2890 2123 2975 ἐναντιωμάτων.
2170 2892 2341 2958 Υθᾶθ
2372 2891 2644 2979 judicat

552 2992 802 3058 Isaacus
822 2990 1074 3058 Voffius
1099 2991 1180 3056 ad
1219 2993 1446 3079 Pomp.
1485 2994 1733 3059 Melam
1764 2996 1819 3059 1.
1852 2996 1913 3059 8.
1945 3016 2009 3081 p.
2038 2996 2167 3061 600
2194 3008 2265 3060 et
2291 2993 2423 3082 seq.
2452 2996 2640 3065 hunc

546 3096 838 3163 libellum
879 3094 1163 3182 spurium
1191 3106 1261 3160 et
1287 3094 1571 3183 ejusdem
1598 3098 1877 3163 auctoris
1908 3110 2105 3186 atque
2134 3097 2321 3163 illum
2349 3099 2451 3163 De
2482 3099 2642 3165 Flu-

547 3198 828 3274 minibus,
860 3196 1314 3283 pronuncian8‚
1349 3195 1618 3264 titulum
1647 3199 1843 3287 hujus
1870 3200 2068 3266 libelli
2094 3199 2161 3265 in
2193 3200 2520 3289 Catalogo
2550 3205 2641 3269 ab

545 3300 756 3365 aliena
811 3320 1009 3365 manu
1057 3297 1349 3367 additum
1395 3300 1543 3369 effe.
1630 3303 1803 3366 Nam
1854 3301 2079 3369 Codex
2126 3303 2423 3369 Venetus
2473 3325 2638 3371 con-

534 3399 857 3490 jeehiram
891 3399 1123 3481 firmat,
1155 3422 1284 3467 non
1314 3400 1424 3466 nifi
1456 3404 1575 3489 περὶ
1602 3404 1987 3491 Ἐπικουςείων
2014 3403 2433 3488 ἔναντιωμᾶτων
2459 3427 2639 3493 prae-

541 3508 725 3574 benS.
810 3508 1228 3597 Quamquam
1271 3509 1599 3576 Fabricius
1642 3532 1976 3598 perperam
2009 3532 2048 3575 a
2073 3511 2271 3577 Voffii
2310 3513 2635 3580 sententia

539 3609 898 3690 discedens,
937 3623 1005 3675 et
1045 3610 1341 3677 libellum
1391 3612 1737 3678 Plutarcho
1781 3612 2100 3680 vindicare
2152 3632 2419 3694 conane,
2474 3613 2635 3682 inde
2808 3650 2810 3657 ·

540 3733 800 3803 quoque
818 3725 1301 3800 *argumentum
1341 3711 1547 3794 ducit,
1591 3715 1766 3801 quod
1808 3715 2077 3802 scriptor
2108 3737 2176 3802 p.
2207 3733 2360 3801 315.
2393 3717 2475 3782 C.
2518 3717 2635 3785 sua
2764 3744 2771 3751 ·
2806 3752 2808 3761 ·

539 3813 698 3879 αἴτια
751 3814 932 3879 citet.
1019 3816 1221 3903 Atqui
1275 3839 1406 3881 non
1455 3816 1803 3898 Plutarchi,
1852 3817 1961 3884 sed
2016 3818 2401 3885 Callimachi
2447 3818 2633 3885 Αἷτια

537 3916 894 4005 fignificari‚
923 3916 1194 3983 ostendit
1230 3918 1660 3985 Ruhnkenius
1698 3920 1780 3984 ad
1818 3918 2203 3987 Callimachi
2230 3923 2635 4009 Fragmenta

536 4018 914 4083 Bentleiana
945 4019 1195 4086 CXIX.
1224 4042 1292 4107 p.
1317 4022 1472 4107 487.
1504 4036 1571 4087 et
1597 4022 1789 4110 Epist.
1828 4022 1996 4087 crit.
2024 4022 2116 4087 11.
2148 4043 2215 4109 p.
2254 4024 2399 4093 182.
2470 4026 2630 4091 Jam
2709 4077 2714 4084 .

535 4120 618 4185 de
657 4120 748 4185 H.
789 4119 1157 4202 Dodwe110,
1196 4123 1611 4189 eruditiffimo
1654 4124 1809 4205 vire,
1839 4124 1997 4211 quid
2024 4124 2358 4191 dicamus?
2406 4126 2524 4213 qui
2553 4129 2627 4194 in

535 4222 908 4317 Geograph.
955 4224 1199 4289 Minor.
1244 4227 1320 4290 T.
1363 4227 1455 4291 II.
1496 4248 1563 4313 p.
1610 4247 1755 4313 109.
1793 4228 2081 4312 quamvis
2109 4248 2179 4315 p.
2215 4229 2335 4296 128
2364 4240 2434 4294 et
2466 4248 2623 4317 129.

534 4321 770 4390 horum
818 4326 1268 4395 parallelorum
1317 4328 1523 4395 stilum
1558 4351 1597 4393 a
1634 4328 1769 4394 stilo
1809 4328 2084 4396 aliorum
2115 4330 2425 4396 librorum
2460 4332 2619 4397 Plu-
