2850 4817
710 770 1856 886 PRAEFATI-O.

234 1309 727 1422 MAGNUM
766 1353 951 1421 fuit
932 1351 1266 1442 mgenium
1312 1353 1662 1435 Plutarchi,
1703 1377 1938 1444 magna
1979 1355 2316 1426 differendi

237 1456 563 1522 subtilitas
590 1456 661 1522 'et
686 1455 1031 1546 elegantia,
1061 1455 1415 1522 divinarum
1449 1480 1598 1525 vero
1626 1457 2181 1547 humanarumque
2211 1483 2315 1528 re-

237 1581 393 1624 rum
438 1558 719 1640 scientia,
754 1570 823 1624 et
860 1557 1071 1624 omnis
1107 1545 1383 1625 liberalis
1422 1557 1732 1626 doctrinae
1760 1558 1853 1626 vis
1881 1561 2227 1650 quaedam
2210 1587 2314 1629 m-

234 1661 569 1728 eredibilis
610 1683 685 1726 ac
727 1682 927 1748 prope
967 1658 1237 1725 infinita.
1324 1661 1492 1750 Quae
1535 1662 1707 1726 bona
1741 1663 1850 1728 etfi
1888 1685 2006 1750 per
2038 1666 2103 1731 se
2137 1679 2318 1734 tanta

234 1763 413 1842 sunt,
441 1776 521 1828 ut
543 1761 870 1828 acceffioni
898 1760 1113 1827 nullus
1151 1761 1409 1828 relifius
1447 1763 1734 1828 videatur
1773 1762 1992 1830 locus·
1969 1789 1993 1846 3
2037 1789 2316 1856 magnus

235 1877 462 1930 tamen
492 1864 569 1931 iis
596 1865 847 1930 acceffit
868 1863 1077 1930 laudis
1098 1863 1422 1944 cumuluS,
1448 1864 1621 1951 quod
1649 1888 1779 1930 non
1809 1865 1876 1930 in
1897 1889 1996 1932 res
2017 1868 2316 1934 obscuras

236 1979 359 2031 aut
402 1966 489 2032 ad
529 1966 911 2054 captandam
964 1967 1338 2054 popularem
1386 1988 1634 2047 auram,
1677 1968 1786 2034 sed
1826 1968 1894 2034 in
1937 1992 2076 2035 rem
2116 1991 2316 2036 unam

237 2069 538 2134 omnium
578 2069 1023 2156 graviffimam,
1060 2068 1127 2132 in
1166 2089 1579 2134 communem
1610 2061 1875 2134 humani
1899 2069 2156 2156 generis
2181 2069 2315 2135 uti-

234 2169 495 2236 litatem
537 2183 869 2258 expromta
910 2171 1195 2238 fuerunt.
1280 2170 1540 2236 Etenim
1585 2171 1825 2258 ubique
1867 2171 1936 2238 id
1975 2171 2116 2260 egit
2159 2172 2312 2240 Plu·

234 2272 527 2354 tarchus,
572 2285 648 2338 ut
682 2273 841 2360 quid
862 2272 1038 2358 ‘utile
1075 2273 1183 2338 vel*
1206 2273 1409 2353 secus,
1454 2272 1611 2358 quid
1648 2272 2029 2362 fugiendum
2072 2274 2174 2339 vel
2213 2276 2307 2342 se-

234 2374 573 2460 quendum
600 2375 899 2455 doceret3
942 2389 1019 2440 ut
1045 2375 1130 2441 de
1158 2375 1405 2441 ratione
1433 2374 1605 2456 vitae,
1636 2377 1717 2442 de
1743 2377 1945 2443 studio
1973 2376 2312 2460 virtutum,

236 2473 321 2540 de
370 2474 765 2542 moderanda
812 2475 1141 2563 republica
1176 2475 1535 2556 differeret,
1516 2500 1533 2518 ·
1582 2475 1859 2564 denique
1909 2490 1982 2542 ut
2025 2476 2311 2544 Philoso-

234 2575 463 2665 phiam
493 2576 972 2644 commendaret
1001 2600 1131 2643 non
1159 2599 1327 2658 eam,
1347 2601 1494 2665 quae
1521 2581 1733 2644 reru'm
1759 2578 2143 2646 obscuritate
2159 2603 2309 2670 gra-

233 2677 475 2756 vitatiS‚
517 2690 583 2743 et
626 2677 1095 2744 distinfflonum
1130 2679 1427 2745 acumine
1466 2678 1854 2759 subtilitatis,
1882 2680 2154 2768 speciem
2193 2681 2312 2775 ad-

234 2780 531 2859 feaaret,
561 2779 668 2846 sed
706 2803 853 2867 quae
886 2803 1099 2846 errore
1125 2794 1194 2846 et
1219 2781 1652 2868 superstitione
1686 2780 2008 2865 liberaret,
2035 2783 2311 2870 essetque

233 2881 382 2946 vitae
409 2882 707 2969 magistra
732 2895 800 2948 et
828 2881 1146 2969 expultrix
1174 2882 1502 2948 vitiorum.
1587 2883 1736 2948 Jam
1765 2903 1914 2948 vero
1943 2882 2083 2970 ejus
2110 2882 2310 2950 libro·

232 3007 409 3064 rum,
462 3005 739 3070 quorum
796 3007 877 3050 ne
933 2984 1123 3050 tertia
1177 2983 1440 3072 quidem
1491 3005 1637 3072 pars
1689 2983 1773 3048 ad
1826 3006 1944 3049 nos
1997 2985 2311 3070 pervenit,

233 3099 459 3152 tantus
477 3133 485 3140 -
504 3085 591 3151 est
636 3107 966 3167 numeru8‚
1006 3098 1189 3150 tanta
1226 3097 1295 3152 et
1334 3084 1598 3150 varietas
1642 3097 1711 3150 et
1739 3083 2112 3172 stcujusque
2093 3108 2160 3150 ιιι
2199 3085 2313 3154 suo

225 3209 473 3276 genere
516 3186 896 3273 praestantia,
945 3197 1024 3252 ut
1074 3199 1361 3251 veterum
1408 3185 1788 3273 scriptorum
1830 3185 1892 3249 ei
1937 3205 2308 3273 comparem

230 3288 665 3376 pauciffim08‚
694 3302 1083 3376 anteponam
1109 3288 1375 3353 omnino
1403 3288 1755 3354 neminem.
1841 3288 2022 3376 Quid
2051 3289 2133 3354 de
2163 3290 2313 3376 Phi·

227 3388 543 3476 Iosophiae
578 3389 810 3454 notitia
849 3389 1086 3481 diqam,
1125 3389 1309 3477 cujus
1356 3389 1469 3454 ille
1513 3393 1739 3464 omnes'
1771 3403 1985 3476 partes
2023 3391 2310 3474 excufiit,

226 3503 297 3557 et
343 3490 504 3577 quid
545 3490 855 3578 quaelibet
889 3491 1059 3557 secta
1092 3491 1249 3556 boni
1290 3490 1582 3570 haberet,
1624 3489 1933 3571 laudavit,
1979 3491 2136 3578 quid
2177 3493 2308 3560 falfi

228 3591 531 3657 monuit?
581 3591 759 3678 Quid
792 3591 875 3657 de
911 3594 1103 3659 rebus
1126 3591 1315 3679 gestis
1344 3593 1721 3673 Graecorum
1752 3604 1821 3656 et
1847 3593 2312 3680 Romanorum,

230 3694 299 3766 in
350 3692 591 3780 quibus
636 3694 966 3761 memoriae
1015 3692 1362 3781 prodendis
1412 3714 1608 3758 nemo
1655 3691 1845 3785 facile
1891 3693 2134 3782 majore
2185 3697 2311 3764 fide

225 3795 511 3861 versatus
552 3797 661 3876 est,
707 3817 899 3862 nemo
942 3796 1417 3862 conversionum
1462 3807 1796 3872 momenta
1835 3807 1905 3859 et
1947 3795 2308 3866 animorum

226 3895 489 3964 abditos
531 3895 799 3962 receffus
842 3910 956 3962 aut
997 3897 1158 3962 vidit
1198 3897 1452 3963 acutius
1489 3907 1604 3961 aut
1644 3891 1988 3984 explicavit
2029 3897 2311 3984 pruden-

225 3999 407 4064 tius?
455 3997 637 4065 Quid
664 3998 746 4065 de
777 3999 1034 4087 reliquis
1060 3999 1463 4084 antiquitatis
1490 3997 1804 4085 partibu8‚
1833 4020 2104 4085 quarum
2133 3999 2314 4066 nulla

226 4104 315 4168 est
342 4101 503 4189 quin
532 4125 612 4168 ex
650 4125 731 4169 eo
764 4102 1027 4190 egregie
1068 4103 1253 4190 poffit
1286 4101 1602 4182 illustrari,
1631 4101 1856 4166 multae
1878 4102 2158 4188 'quarum
2187 4125 2309 4168 no·-

227 4203 447 4270 titiam
476 4203 535 4270 ei
574 4203 690 4270 soli
718 4205 1107 4294 debeamus?
1158 4204 1355 4284 Reae
1381 4202 1599 4289 itaque
1627 4202 1851 4304 magni
1878 4202 1995 4268 viri
2021 4202 2111 4270 ita
2124 4201 2309 4290 judi-

1221 4326 1267 4370 u
1296 4324 1341 4385 4
