2850 4817
595 472 598 477 Ι
665 392 789 451 DE
831 394 897 450 m
941 392 1382 453 DELPHICO.
1423 413 1481 473 p.
1513 395 1652 470 3⁴86.
1678 392 1751 465 Β,
1784 398 1852 453 e.
2190 402 2303 475 {77

198 576 363 618 num
390 553 498 641 qui
521 551 812 641 pila'cum
843 552 1192 619 Alexandro
1221 552 1423 618 ludere
1431 554 1731 641 solebant.
1820 553 2078 642 Quibus
2108 556 2177 621 in
2202 557 2307 623 lo·-

199 656 305 721 cis
357 678 560 745 quum
606 654 783 721 haud
820 655 1010 742 pauci
1048 656 1168 720 {int
1206 656 1521 743 ejusmodi
1556 670 1630 723 ut
1658 656 1993 723 Articulus
2036 658 2305 725 omitta-

201 757 624 847 tur,·poterit
652 757 849 827 etiam
877 757 1004 823 hoc
1035 757 1181 845 loco
1207 761 1302 835 ἀφ’
1332 764 1473 847 ἱεροῦ
1502 781 1619 845 pro
1647 758 1756 823 ἀπὸ
1782 765 1877 824 τοῦ
1908 764 2043 846 ἱεροῦ
2072 759 2303 848 accipi.

202 860 346 925 Sed
374 860 498 925 alia
525 860 720 925 etiam
751 860 957 925 cauffa
990 860 1334 944 Plutarcho
1370 858 1647 925 Articuli
1677 860 2045 941 omittendi,
2076 874 2152 927 ut
2179 862 2303 927 ob-

198 963 390 1050 lique
436 964 812 1051 fignificaret
863 963 1272 1049 proverbium
1295 967 1414 1042 ,τὴν
1460 966 1553 1045 ἀφ’
1605 968 1747 1053 ἱερᾶς
1796 968 1981 1045 κινεῖν,
2030 986 2113 1031 ex
2158 964 2303 1031 lusu
2338 1040 2345 1047 ‚

202 1066 617 1131 calculorum
663 1066 958 1145 du&um‚
996 1090 1230 1131 movere
1241 1065 1601 1153 scrupulum
1640 1052 1889 1153 aisacra
1930 1066 2129 1131 linea.-
2174 1090 2305 1155 quo

205 1170 371 1233 alibi
419 1190 679 1257 quoque
722 1169 930 1235 utitur
970 1193 1031 1233 v.
1063 1192 1121 1234 c.
1161 1172 1268 1235 De
1307 1170 1544 1235 Solcrt.
1586 1170 1873 1235 Animal.
1914 1191 1980 1257 Ρ.
2011 1185 2162 1255 975.
2188 1172 2301 1259 A
2285 1196 2301 1213 ·
2374 1208 2389 1223 ι

208 1273 536 1351 κινῆσαντες
576 1276 674 1350 τὴν
715 1274 810 1355 ἀφ’
857 1276 1022 1357 ἷερᾶς.
1094 1271 1262 1339 Adv.
1299 1272 1521 1337 Colot.
1554 1274 1742 1336 1116.
1776 1274 1872 1336 E:
1922 1274 2065 1348 εὐθυς
2092 1272 2182 1337 οὖν
2210 1274 2306 1339 τὸν

205 1377 306 1457 ἀφ’
353 1380 501 1461 ἱερᾶς
544 1402 664 1439 nem
654 1373 820 1451 νηκεν
863 1379 888 1437 ὁ
935 1373 1221 1453 Κολώτης.
1308 1376 1413 1441 De
1458 1376 1623 1461 Rep.
1662 1374 1813 1439 Seni
1854 1376 2011 1439 Ger.
2043 1376 2193 1462 783.
2224 1377 2303 1443 Β.

209 1477 404 1543 Plato
433 1478 595 1565 Leg.
628 1478 712 1543 V.
744 1500 810 1588 Ρ.
831 1478 982 1564 609.
1015 1479 1097 1544 C.
1130 1478 1288 1543 XII.
1320 1480 1469 1565 689.
1502 1479 1588 1544 Α.
1664 1476 1848 1543 Philo
1876 1478 2033 1545 Jud.
2066 1482 2300 1567 Legat.

208 1580 322 1645 Ad
375 1570 615 1665 Caium
669 1602 736 1667 p.
785 1595 974 1665 1007.
1025 1583 1104 1645 Β.
1185 1581 1635 1669 Diogenianus
1694 1582 1985 1648 Proverb.
2047 1581 2134 1649 V.
2191 1602 2301 1665 41.

209 1682 450 1747 Suidao
476 1682 670 1763 VIII.
696 1683 804 1747 66.
870 1679 1122 1748 Plenius
1155 1683 1529 1749 Scholiastes
1561 1684 1838 1749 Platonis
1860 1684 1943 1749 ad
1970 1684 2017 1750 l.
2044 1707 2103 1749 0.
2130 1686 2298 1772 Leg.
2424 1650 2433 1659 -

209 1785 298 1852 V.
349 1786 506 1872 609.
563 1786 644 1850 C.
723 1786 1110 1852 Conferatur
1139 1786 1576 1872 'casaubonus
1618 1785 1701 1851 ad
1746 1786 2075 1855 Theocrit.
2136 1787 2298 1875 Cap.
2389 1764 2399 1778 ’

210 1889 478 1953 XXIII.
512 1910 576 1974 p.
606 1890 753 1957 282.
829 1890 1132 1953 Muretus
1161 1890 1240 1953 T.
1274 1890 1400 1953 III.
1434 1911 1501 1975 p.
1525 1910 1633 1975 49.
1706 1889 1813 1954 Ad
1841 1889 2016 1971 aliud
2048 1884 2303 1955 Prover-¹

205 1990 398 2055 bium
427 1990 512 2057 de
541 1990 735 2055 Sacra
765 1992 1048 2072 anchora,
1078 1991 1206 2056 hoc
1235 1989 1445 2078 ipsum
1473 1990 1791 2057 transtulit
1823 1989 2202 2057 Plutarchus
2232 1990 2298 2057 in

211 2092 572 2159 Coriolano
601 2117 667 2181 p.
694 2096 842 2164 228.
873 2096 944 2160 F.
1904 2091 1913 2133 ³

291 2196 454 2282 386.
495 2198 572 2262 Β.
619 2198 785 2273 ὀύὃεὶς
828 2198 1098 2285 ἐγίνωσκε
1141 2208 1248 2264 'rt-liv
1291 2204 1637 2287 Δελφῶν-ᾗ
1690 2198 2023 2263 Nimiru'm
2072 2220 2295 2263 eorum

206 2298 688 2385 Delphicorum
733 2300 970 2367 civium
1011 2302 1393 2389 quibuscum
1427 2316 1622 2367 antea
1661 2302 2024 2370 collocutus
2052 2308 2189 2365 erat
2217 2299 2299 2379 is,

209 2402 322 2488 qui
377 2402 522 2467 haec
570 2402 828 2484 differit,
880 2404 1075 2489 paulo
1130 2405 1320 2493 supra
1368 2404 1579 2469 dietus
1607 2402 1842 2492 ‘'Ea-2905
1888 2402 1945 2469 δέ
1986 2429 2092 2483 τις,
2130 2423 2299 2469 unus
2410 2490 2413 2494 ἵ

207 2504 335 2590 ipse
377 2512 486 2569 τῶν
510 2505 694 2586 ξένων,
728 2507 1008 2595 hcspitum
1036 2528 1104 2593 p.
1128 2508 1216 2593 38
1218 2525 1286 2594 5.
1315 2508 1402 2571 A.
1438 2520 1965 2572 memoratorum.
2054 2507 2159 2571 Est
2182 2528 2299 2571 au-

150 2699 157 2706 ·
209 2620 347 2671 tem
394 2606 461 2671 in
503 2608 638 2674 'hoc
683 2608 849 2674 libro
889 2632 1091 2674 nexus
1137 2609 1401 2697 Dialogi
1446 2624 1560 2676 aut
1603 2611 1919 2689 turbatuS,
1963 2622 2075 2675 aut
2122 2621 2297 2675 certo
2337 2628 2341 2638 “

205 2734 342 2775 non
377 2709 608 2777 diserte
639 2712 1026 2779 declaratus.

289 2814 450 2899 386.
481 2814 558 2893 Β,
591 2814 668 2879 C.
706 2812 882 2879 ’'Ec-n
919 2820 1044 2903 γὰρ·
1079 2818 1150 2891 ὥς
1193 2816 1763 2903 ὑποΜμβᾶνουσμ]
1816 2819 1903 2881 Et
1940 2816 2049 2881 hic
2076 2815 2297 2881 mendi

204 2916 370 3003 'quid
423 2918 652 2997 subest,
703 2930 770 2983 et
819 2940 1020 2983 nexus
1069 2918 1465 2985 obscuritas.
1494 2942 1670 3006 quae
1716 2919 1797 2983 fic
1840 2918 2127 2983 curanda
2170 2940 2295 3004 pu·-

207 3032 372 3099 tem,
409 3033 485 3084 ut
513 3020 604 3084 ita
632 3020 1136 3086 constituantur.
1172 3020 1350 3086 Ἔστι
1380 3026 1524 3109 γὰρ,
1554 3026 1627 3097 ὥς
1652 3020 2110 3104 ὑπολαμβάνουσι
2143 3026 2297 3083 Δελ

207 3123 318 3205 φο),
355 3124 420 3186 τὸ
453 3127 561 3201 ΕΙ,
589 3130 906 3211 προηγορῶν
951 3122 1113 3209 ἔλεγε
1146 3123 1453 3209 Νίκανδρος
1481 3128 1553 3187 ὁ
1517 3124 1721 3211 ιε’ρεὺς,
1751 3127 1959 3209 σχῆμα
1990 3122 2093 3185 καὶ
2114 3125 2295 3209 μορφὴ

206 3223 414 3313 -Est
434 3226 636 3313 fitne,
671 3238 737 3289 ut
788 3225 1011 3314 Delphi
1055 3239 1296 3314 putant,
1347 3227 1562 3292 aiebat
1604 3224 1936 3291 Nicander
1985 3224 2297 3299 Sacerdos
2420 3230 2431 3237 ’

205 3327 376 3393 hanc
403 3348 633 3391 eorum
661 3326 1038 3413 opinionem
1061 3326 1438 3409 defendens,
1473 3329 1661 3413 litera·
1679 3334 1733 3391 E
1746 3326 2297 3415 figura.etfhrma

204 3430 628 3520 appellationis
657 3456 777 3521 qua
805 3432 1057 3496 homines
1088 3456 1233 3519 erga
1263 3432 1465 3497 Deum
1498 3444 1863 3496 πέμπτην-ιη
1951 3433 2144 3496 Hanc
2188 3454 2294 3497 ra·-

203 3533 460 3598 tionem
495 3534 730 3620 partim
768 3534 909 3621 jam
950 3534 1306 3621 Xylander
1322 3532 1625 3599 vertendo
1657 3533 1916 3598 secutus
1940 3546 2102 3597 erat.
2188 3534 2297 3599 lh

201 3634 530 3700 Nicandro
571 3634 866 3707 diximus.
890 3634 976 3700 ad
1014 3632 1268 3701 initium
1312 3634 1459 3700 libri
1487 3636 1591 3699 De
1618 3634 1975 3699 Auditione
2012 3657 2207 3722 quem
2235 3634 2297 3701 ei

201 3738 484 3824 lnscrlps
465 3751 520 3802 t
565 3736 944 3803 Plutarchus
987 3758 1054 3824 Ρ.
1091 3758 1200 3823 37.
1240 3738 1318 3817 Β,
1363 3738 1445 3802 C.
1518 3730 1809 3803 Verbum
1854 3743 2197 3863 προηγορεῖν
2208 3736 2296 3802 fic

201 3840 383 3928 apud
429 3840 636 3927 ipsum
681 3840 816 3906 est·
854 3866 912 3906 v.
960 3862 1020 3905 c.
1070 3840 1447 3905 Coriolano
1464 3862 1526 3927 p.
1568 3842 1716 3905 216.
1756 3842 1850 3906 Β.
1906 3839 2195 3927 προηγόρει
2240 3840 2297 3903 δῖ

199 3941 463 4017 Μενίνιος
517 3942 860 4029 Ἀγρίππας·
921 3944 1034 4053 qui
1079 3966 1156 4007 ex
1198 3941 1427 4030 legatis
1472 3954 1684 4029 partes
1732 3941 1989 4007 dicendi
2028 3941 2295 4029 ffagebat
2396 4022 2400 4027 ¹

199 4046 416 4111 Bruto
447 4067 514 4132 Ρ.
529 4044 700 4133 9-86.
725 4046 824 4113 D.
870 4052 950 4133 τῷ
980 4055 1086 4110 τῶν
1111 4046 1334 4123 Λιβύων
1358 4048 1594 4126 βασιλεῖ
1616 4055 1952 4133 προηγορῶν
2001 4043 2297 4132 Afmrum

199 4173 400 4237 regem
445 4150 704 4214 oratione
747 4150 1087 4235 dffendens.
1161 4148 1535 4233 Xenophon
1582 4147 1907 4213 Hellenic.
1941 4148 2032 4211 ΙΙ.
2074 4166 2315 4242 2,13'

201 4250 498 4339 προηγόρει
523 4254 576 4315 δὲ
605 4256 786 4317 αὐτῶν
817 4250 1170 4339 Θηραμένης.
1217 4248 1465 4335 Exped.
1499 4249 1661 4335 Cyr.
1684 4250 1771 4315 V.
1797 4265 1865 4334 5,
1892 4265 1956 4332 7.
2004 4250 2297 4315 Verbum

199 4354 264 4419 in
321 4352 580 4419 Lexicis
644 4352 964 4435 omiffum,
1011 4351 1343 4417 annotavit
1398 4351 1462 4415 in
1520 4350 1757 4417 Lexieo
1812 4333 2297 4436 Xenophonteo
2373 4339 2377 4343 ¹

1193 4472 1309 4537 '1'3
