2850 4817
463 381 1000 446 QUAEsTkoan
1041 382 1463 453 ROMANAS..
1490 404 1551 462 Ρ.
1584 398 1721 461 277.
1752 384 2027 463 C—278.
2058 388 2126 445 C.
2249 406 2339 466 ,39

229 540 330 605 H.
373 541 478 607 N.
517 543 774 607 XXIX.
809 558 948 624 142·
981 542 1218 619 Gem'tae
1255 542 1483 609 Manae'
1520 542 1711 611 catulo
1750 568 1839 609 res
1878 544 2339 632 divhafflpd

225 642 294 705 in
319 644 522 708 coenis·
541 646 742 708 Deam
765 644 1078 709 etiamnum
1095 645 1330 733 pom'tw
1352 644 1637 713 caudina.
1710 646 2077 713 Adicialibus
2104 650 2335 737 quidem

222 744 432 831 epulis
457 746 724 810 celebrem
736 746 927 833 ,ῥιψὶ
953 746 1412 834 Plautisabulae
1438 748 1825 837 indiciosmtt.
1912 750 2195 815 Viffima
2220 774 2331 817 ca-

228 847 340 911 nis
376 850 670 914 Hecates
704 850 866 913 Deae
901 849 1068 935 saepe
1093 864 1493 915 memoratur
1520 874 1579 915 v.
1610 872 1672 915 c.
1705 850 2051 917 Plutarcho
2078 874 2231 919 mox
2260 875 2329 941 p.

233 950 405 1015 280.
447 950 526 1013 B.
570 948 714 1015 aliis
760 949 972 1015 citatis
1009 950 1290 1016 Meurfio
1331 950 1412 1015 ad
1458 952 1959 1039 Lycophronem
2003 954 2181 1018 versu
2224 974 2334 1039 77.

227 1050 552 1116 Mortuos
598 1050 808 1117 diaes
845 1052 1128 1138 χρηστοὺς
1159 1052 1396 1139 repetit
1434 1054 1817 1119 Plutarchus
1847 1054 1913 1119 in
1940 1056 2177 1144 Quaest.
2210 1059 2331 1123 Gr.

229 1151 318 1217 ε’.-
353 1176 423 1240 Ρ.
455 1173 605 1239 292.
635 1154 716 1219 Β.
759 1153 990 1219 eodem
1027 1176 1106 1221 ex
1139 1153 1394 1221 historia
1434 1155 1757 1242 exemplo,
1802 1156 2033 1222 eodem
2074 1158 2335 1225 aussore

231 1256 590 1323 Aristotele
660 1258 966 1345 appofito.
1068 1256 1181 1323 Ad
1247 1258 1418 1323 hanc
1476 1257 2001 1347 significationem
2056 1261 2335 1347 pertinet

233 1358 448 1445 gloffa
488 1360 824 1449 Hesychii,
866 1359 1139 1449 Χρηστοί·
1185 1366 1236 1425 οἳ
1269 1361 1819 1445 καταδεδικασμένοι.
1908 1362 2192 1448 Χρησμός·
2222 1390 2331 1429 τι·

235 1462 454 1549 μωρία.
513 1462 885 1550 Repetenda
911 1464 1094 1529 notio
1121 1486 1202 1529 ex
1227 1464 1437 1551 prima
1462 1463 1712 1552 origine
1736 1465 2099 1531 Verborum
2127 1465 2329 1549 Χρίιω,

235 1566 482 1649 Χραῦω,
529 1565 783 1653 xpina,
823 1565 1007 1653 Χρίω,
1045 1562 1180 1633 cet.
1217 1566 1282 1631 in
1312 1566 1547 1654 quibus
1574 1567 1662 1632 est
1690 1567 1781 1632 vis
1799 1568 2125 1655 pungendi,
2133 1565 2332 1653 strin-

233 1668 462 1751 gendi5
493 1665 576 1731 de
597 1689 726 1753 qua
745 1667 1008 1755 egregie
1031 1666 1324 1753 exposuit
1340 1667 1643 1757 egregius
1665 1669 1869 1734 noster
1892 1668 2325 1737 Ruhnkenius

239 1766 332 1831 ad
355 1768 528 1832 Tim.
555 1768 724 1833 voe.
751 1768 1165 1855 Ἐγχρίμπτει.

333 1884 484 1953 277.
519 1869 603 1933 C.
637 1869 778 1955 ηΛ]
809 1869 1050 1935 Eadem
1081 1870 1278 1937 tradit
1306 1870 1687 1937 Plutarchus
1717 1869 1783 1935 in
1816 1871 2093 1937 Romulo
2119 1892 2189 1958 Ρ.
2211 1890 2324 1958 33.

243 1971 328 2033 E.
357 1983 425 2033 et
455 1969 587 2035 fere
607 1968 890 2034 {imiliter
919 1971 1130 2036 Festus
1159 1970 1224 2035 in
1251 1972 1437 2037 Sardi
1468 1970 1733 2039 Venales.
1795 1972 2111 2039 Romulus
2128 1972 2327 2037 Veios

246 2072 441 2135 urbem
470 2072 726 2157 cepiffe,
753 2094 834 2135 an
865 2072 1014 2137 alibi
1041 2072 1352 2159 prodatur
1376 2073 1629 2139 dubito.
1718 2076 1869 2139 Hoc
1898 2074 2047 2139 loco
2074 2072 2329 2141 fortaffe

248 2170 545 2237 librarius
589 2185 773 2237 vetus
809 2195 888 2237 ex
929 2173 1130 2239 altero
1175 2195 1306 2239 non
1349 2173 1496 2239 satis
1540 2186 1849 2261 percepto
1898 2173 2053 2261 quid
2096 2173 2325 2239 erroris

249 2273 470 2357 duxit:
514 2274 630 2341 ubi
659 2275 894 2341 refilius
923 2275 1186 2355 dicitur,
1215 2280 1513 2365 Τυρρηνικῆ
1541 2280 1659 2363 γὰρ
1685 2274 1843 2352 πόλις
1870 2282 1921 2341 οἱ
1946 2275 2161 2354 Οὐηΐοι·
2208 2274 2326 2339 ubi

233 2374 502 2463 populus,
531 2376 767 2455 civitas,
799 2376 1034 2443 dicitur
1059 2378 1240 2453 πόλις.

329 2494 485 2562 277.
513 2480 603 2545 D.
634 2479 758 2564 νδ’.]
795 2481 902 2567 Sp.
941 2480 1262 2560 Car-vilius,
1289 2480 1559 2547 libertus
1584 2482 1782 2564 illius,
1804 2480 1915 2569 qui
1936 2480 2183 2569 primus
2204 2502 2323 2547 ux·

245 2601 424 2645 orem
454 2580 708 2660 dimifit,
731 2581 978 2669 primus
1005 2581 1138 2668 ipse
1165 2582 1449 2649 scholam
1474 2583 1803 2651 literarum
1833 2586 2057 2651 Romae
2084 2604 2321 2671 aperu-

245 2680 354 2747 iffe
395 2681 636 2749 dicitur
658 2685 894 2772 Quoest.
932 2686 1120 2751 Rom.
1151 2684 1244 2749 νθ’.
1275 2707 1344 2773 p.
1376 2686 1525 2773 298.
1561 2685 1641 2752 C.
1672 2684 1851 2753 haud
1875 2685 2005 2753 scio
2030 2708 2113 2751 an
2142 2707 2183 2752 a
2206 2708 2321 2751 ne-

243 2784 422 2849 mine
465 2788 780 2852 Veterum
823 2798 1057 2873 praeter
1099 2786 1517 2853 Plutarchum
1560 2787 1664 2853 his
1703 2787 1959 2854 duobus
1993 2787 2152 2853 locis
2182 2810 2321 2853 me·

243 2900 553 2953 moretur.
639 2888 932 2955 Alteram
977 2888 1374 2955 notationem
1417 2891 1505 2955 ab
1540 2888 1803 2955 homine
1830 2888 2093 2955 Macella
2116 2890 2317 2957 attin·-

239 3002 413 3075 gunt
439 2990 634 3055 etiam
660 2992 866 3057 Varro
891 2991 1085 3078 Ling.
1117 2994 1261 3057 Lat.
1294 2992 1411 3057 IV.
1441 3014 1507 3078 p.
1537 3011 1577 3077 3
1580 3006 1661 3077 5:
1706 3004 1778 3091 et
1806 2992 2044 3070 Festus,
2074 2989 2317 3054 Macel-

241 3090 366 3155 lum
390 3092 616 3156 ditium
639 3118 678 3157 a
706 3092 968 3157 Macella
985 3094 1264 3181 quodam,
1287 3094 1388 3182 qui
1413 3093 1708 3159 exercebat
1729 3094 1793 3157 in
1812 3093 1949 3157 urbe
1974 3090 2314 3158 latrocinia-⁶

243 3218 352 3280 quo
377 3195 656 3259 damnato
691 3196 948 3283 Censores
979 3195 1268 3260 AEmilius
1292 3209 1348 3260 et
1372 3196 1625 3262 Fulvius
1638 3195 1999 3283 statuerunt,
2026 3208 2093 3259 ut
2119 3195 2183 3259 in
2207 3196 2313 3259 do-

12 3312 16 3321 ’
109 3342 115 3349 -
241 3295 717 3383 moqusobsonia
743 3299 1145 3361 venderentur.

330 3414 480 3482 277.
510 3402 589 3464 Ε.
617 3424 672 3461 νε
668 3397 746 3481 ’.]
794 3399 1010 3465 Livius
1043 3401 1164 3465 ΙΧ.
1191 3418 1302 3485 3ο.
1349 3400 1617 3467 Ovidius
1646 3402 1801 3467 Fast.
1829 3402 1951 3467 VI.
1982 3402 2131 3486 657.
2173 3400 2313 3466 Va-

195 3498 436 3563 ‘lerius
465 3500 650 3563 Max.
685 3500 777 3565 ΙΙ.
803 3514 870 3585 5,
901 3520 968 3583 4.
1012 3500 1295 3566 Breviter
1315 3503 1529 3569 Varro
1566 3503 1676 3569 De
1716 3501 1910 3590 Ling.
1948 3496 2096 3567 Lat.
2120 3502 2209 3567 V.
2238 3521 2308 3588 Ρ.

241 3620 350 3685 47.
411 3600 673 3665 Festus
657 3624 721 3665 m
749 3604 931 3667 Voce
955 3602 1322 3688 Mimsmla.

327 3724 396 3789 Ρ.
445 3703 594 3787 278.
637 3702 719 3767 Β.
763 3700 843 3775 νς’
849 3705 896 3789 .]
965 3703 1365 3769 Carmentalia
1412 3704 1729 3771 matribus
1778 3704 2077 3773 Ausoniis
2134 3704 2313 3771 culta.

245 3804 476 3870 ovidio
508 3804 912 3871 celebrantur
940 3806 1098 3871 Fast.
1132 3808 1190 3870 Ι.
1216 3826 1370 3893 499.
1395 3808 1547 3891 617.
1607 3806 1859 3873 Servius
1882 3807 2103 3873 fimilia
2132 3808 2313 3873 Plut-

241 3905 488 3971 archeis
535 3904 732 3971 tradit
772 3906 1047 3973 breviter
1085 3907 1168 3972 ad
1209 3909 1366 3976 AEn.
1405 3908 1599 3974 VIII.
1627 3910 1780 3995 336.
1842 3908 2213 3975 Adhibendi
2242 3922 2311 3975 et
2346 3942 2351 3950 ·

239 4007 584 4094 Dionyfius
659 4006 812 4073 Hal.
869 4010 942 4077 .1.
1005 4022 1114 4093 31.
1202 4008 1418 4075 Livius
1488 4012 1543 4075 1.
1613 4025 1676 4094 7.
1763 4010 2073 4098 Hyginus
2150 4010 2305 4076 Fab.

243 4107 676 4175 CCLXXVI.
707 4130 776 4195 p.
802 4111 958 4197 398.
1003 4110 1346 4180 StraboV.
1371 4133 1441 4197 Ρ.
1470 4130 1623 4199 352.
1660 4113 1741 4178 C.

243 4284 246 4289 ,
323 4212 475 4295 278.
515 4211 599 4275 C.
641 4210 770 4297 νζ]
825 4212 1144 4279 Geminus
1193 4212 1411 4279 locus
1426 4212 1814 4282 Plutarchi
1798 4236 1863 4277 m
1916 4212 2195 4279 Romulo
2235 4237 2305 4303 Ρ.

241 4334 341 4401 19.
364 4316 457 4381 D.
517 4316 728 4382 Varro
753 4313 992 4401 aliquid
1019 4317 1122 4381 De
1147 4314 1340 4401 Ling.
1365 4316 1513 4382 Lat.
1545 4316 1661 4383 IV.
1691 4338 1757 4401 p,
1794 4317 1895 4381 16.
1980 4314 2086 4381 De
2116 4318 2193 4384 R.
2226 4318 2305 4383 R.

1213 4436 1338 4498 1²4
