<?xml version="1.0" encoding="UTF-8"?>
<!DOCTYPE html PUBLIC "-//W3C//DTD XHTML 1.0 Transitional//EN"
    "http://www.w3.org/TR/xhtml1/DTD/xhtml1-transitional.dtd">
<html xmlns="http://www.w3.org/1999/xhtml" xml:lang="en" lang="en">
 <head>
  <title>
</title>
<meta http-equiv="Content-Type" content="text/html;charset=utf-8" />
  <meta name='ocr-system' content='tesseract 3.04.00' />
  <meta name='ocr-capabilities' content='ocr_page ocr_carea ocr_par ocr_line ocrx_word'/>
</head>
<body>
  <div class='ocr_page' id='page_1' title='image "./ploutarchoutouc10unkngoog_0059.png"; bbox 0 0 2850 4817; ppageno 0'>
   <div class='ocr_carea' id='block_1_1' title="bbox 492 256 2267 387">
    <p class='ocr_par' dir='ltr' id='par_1_1' title="bbox 492 256 2267 387">
     <span class='ocr_line' id='line_1_1' title="bbox 492 256 2267 387; baseline 0.001 -21"><span class='ocrx_word' id='word_1_1' title='bbox 492 270 1028 366; x_wconf 71' lang='lat' dir='ltr'>ouAEsnoan</span> <span class='ocrx_word' id='word_1_2' title='bbox 1065 302 1474 371; x_wconf 78' lang='lat' dir='ltr'><strong>ROMANAs.</strong></span> <span class='ocrx_word' id='word_1_3' title='bbox 1516 324 1575 385; x_wconf 73' lang='lat' dir='ltr'>p.</span> <span class='ocrx_word' id='word_1_4' title='bbox 1610 306 1741 385; x_wconf 77' lang='lat'><strong>283.</strong></span> <span class='ocrx_word' id='word_1_5' title='bbox 1768 256 1967 367; x_wconf 69' lang='lat' dir='ltr'>n-r.</span> <span class='ocrx_word' id='word_1_6' title='bbox 2188 325 2267 387; x_wconf 80' lang='lat'>47</span> 
     </span>
    </p>
   </div>
   <div class='ocr_carea' id='block_1_2' title="bbox 219 461 2275 757">
    <p class='ocr_par' dir='ltr' id='par_1_2' title="bbox 219 461 2275 757">
     <span class='ocr_line' id='line_1_2' title="bbox 219 461 2273 552; baseline 0.006 -28"><span class='ocrx_word' id='word_1_7' title='bbox 219 474 290 525; x_wconf 81' lang='lat' dir='ltr'>ut</span> <span class='ocrx_word' id='word_1_8' title='bbox 310 461 660 527; x_wconf 77' lang='lat' dir='ltr'>&#39;Manutius</span> <span class='ocrx_word' id='word_1_9' title='bbox 697 476 944 541; x_wconf 82' lang='lat' dir='ltr'>monet.</span> <span class='ocrx_word' id='word_1_10' title='bbox 1031 462 1335 552; x_wconf 77' lang='lat' dir='ltr'>Denique</span> <span class='ocrx_word' id='word_1_11' title='bbox 1373 463 1595 533; x_wconf 87' lang='lat' dir='ltr'>locum</span> <span class='ocrx_word' id='word_1_12' title='bbox 1638 486 1717 531; x_wconf 83' lang='lat' dir='ltr'>ex</span> <span class='ocrx_word' id='word_1_13' title='bbox 1760 464 2149 535; x_wconf 70' lang='lat' dir='ltr'>Cluentiano.</span> <span class='ocrx_word' id='word_1_14' title='bbox 2188 467 2273 535; x_wconf 74' lang='lat' dir='ltr'>ed</span> 
     </span>
     <span class='ocr_line' id='line_1_3' title="bbox 221 562 2273 657; baseline 0.005 -30"><span class='ocrx_word' id='word_1_15' title='bbox 221 562 520 628; x_wconf 79' lang='lat' dir='ltr'>oedilitiam</span> <span class='ocrx_word' id='word_1_16' title='bbox 539 606 544 625; x_wconf 85' lang='lat'><strong>.</strong></span> <span class='ocrx_word' id='word_1_17' title='bbox 555 577 933 652; x_wconf 66' lang='lat' dir='ltr'>praetextam,</span> <span class='ocrx_word' id='word_1_18' title='bbox 981 589 1113 631; x_wconf 89' lang='lat' dir='ltr'>non</span> <span class='ocrx_word' id='word_1_19' title='bbox 1157 567 1240 633; x_wconf 78' lang='lat' dir='ltr'>ad</span> <span class='ocrx_word' id='word_1_20' title='bbox 1286 568 1643 633; x_wconf 70' lang='lat' dir='ltr'>trihemitiam</span> <span class='ocrx_word' id='word_1_21' title='bbox 1690 568 2033 657; x_wconf 86' lang='lat' dir='ltr'>pertinere,</span> <span class='ocrx_word' id='word_1_22' title='bbox 2078 568 2273 637; x_wconf 78' lang='lat' dir='ltr'>docet</span> 
     </span>
     <span class='ocr_line' id='line_1_4' title="bbox 225 666 2275 757; baseline 0.004 -27"><span class='ocrx_word' id='word_1_23' title='bbox 225 666 528 744; x_wconf 69' lang='lat' dir='ltr'>GraeviuS„</span> <span class='ocrx_word' id='word_1_24' title='bbox 557 668 974 734; x_wconf 80' lang='lat' dir='ltr'><strong>Plutarchum</strong></span> <span class='ocrx_word' id='word_1_25' title='bbox 1013 684 1245 735; x_wconf 75' lang='lat' dir='ltr'>contra</span> <span class='ocrx_word' id='word_1_26' title='bbox 1279 671 1783 757; x_wconf 76' lang='lat' dir='ltr'>reprehensores,</span> <span class='ocrx_word' id='word_1_27' title='bbox 1812 684 1881 737; x_wconf 90' lang='lat' dir='ltr'>et</span> <span class='ocrx_word' id='word_1_28' title='bbox 1911 672 2275 739; x_wconf 86' lang='lat' dir='ltr'>Rubenium</span> 
     </span>
    </p>
   </div>
   <div class='ocr_carea' id='block_1_3' title="bbox 85 768 2271 860">
    <p class='ocr_par' dir='ltr' id='par_1_3' title="bbox 85 768 2271 860">
     <span class='ocr_line' id='line_1_5' title="bbox 85 768 2271 860; baseline 0.004 -31"><span class='ocrx_word' id='word_1_29' title='bbox 85 794 90 801; x_wconf 96' lang='lat'>·</span> <span class='ocrx_word' id='word_1_30' title='bbox 223 772 436 831; x_wconf 81' lang='lat' dir='ltr'>contra</span> <span class='ocrx_word' id='word_1_31' title='bbox 475 768 854 849; x_wconf 85' lang='lat' dir='ltr'>Ferrarium,</span> <span class='ocrx_word' id='word_1_32' title='bbox 895 768 1254 851; x_wconf 72' lang='lat' dir='ltr'>defendens,</span> <span class='ocrx_word' id='word_1_33' title='bbox 1261 794 1282 850; x_wconf 80' lang='lat'>3</span> <span class='ocrx_word' id='word_1_34' title='bbox 1331 772 1647 858; x_wconf 81' lang='lat' dir='ltr'>probante</span> <span class='ocrx_word' id='word_1_35' title='bbox 1684 771 1944 860; x_wconf 89' lang='lat' dir='ltr'>quidem</span> <span class='ocrx_word' id='word_1_36' title='bbox 1988 773 2271 839; x_wconf 83' lang='lat' dir='ltr'>Ernesto.</span> 
     </span>
    </p>
   </div>
   <div class='ocr_carea' id='block_1_4' title="bbox 222 867 2301 3929">
    <p class='ocr_par' dir='ltr' id='par_1_4' title="bbox 222 867 2279 1673">
     <span class='ocr_line' id='line_1_6' title="bbox 222 867 2277 959; baseline 0.006 -30"><span class='ocrx_word' id='word_1_37' title='bbox 222 867 368 935; x_wconf 91' lang='lat' dir='ltr'>Non</span> <span class='ocrx_word' id='word_1_38' title='bbox 408 884 480 933; x_wconf 92' lang='lat' dir='ltr'>ut</span> <span class='ocrx_word' id='word_1_39' title='bbox 521 884 790 937; x_wconf 75' lang='lat' dir='ltr'>caeteroe</span> <span class='ocrx_word' id='word_1_40' title='bbox 835 871 1236 959; x_wconf 70' lang='lat' dir='ltr'>magistratus</span> <span class='ocrx_word' id='word_1_41' title='bbox 1277 870 1581 939; x_wconf 74' lang='lat' dir='ltr'>Calendis</span> <span class='ocrx_word' id='word_1_42' title='bbox 1614 872 1956 955; x_wconf 71' lang='lat' dir='ltr'>Januariis,</span> <span class='ocrx_word' id='word_1_43' title='bbox 1984 874 2093 940; x_wconf 89' lang='lat' dir='ltr'>sed</span> <span class='ocrx_word' id='word_1_44' title='bbox 2124 888 2277 941; x_wconf 84' lang='lat' dir='ltr'>ante</span> 
     </span>
     <span class='ocr_line' id='line_1_7' title="bbox 227 970 2275 1063; baseline 0.003 -28"><span class='ocrx_word' id='word_1_45' title='bbox 227 970 388 1035; x_wconf 86' lang='lat' dir='ltr'>diem</span> <span class='ocrx_word' id='word_1_46' title='bbox 416 987 713 1059; x_wconf 83' lang='lat' dir='ltr'>quartum</span> <span class='ocrx_word' id='word_1_47' title='bbox 744 973 902 1039; x_wconf 77' lang='lat' dir='ltr'>Idus</span> <span class='ocrx_word' id='word_1_48' title='bbox 929 975 1324 1040; x_wconf 81' lang='lat' dir='ltr'>Decembres</span> <span class='ocrx_word' id='word_1_49' title='bbox 1361 975 1803 1063; x_wconf 76' lang='lat' dir='ltr'>magistratum</span> <span class='ocrx_word' id='word_1_50' title='bbox 1840 974 2023 1041; x_wconf 85' lang='lat' dir='ltr'>suum</span> <span class='ocrx_word' id='word_1_51' title='bbox 2054 974 2275 1058; x_wconf 84' lang='lat' dir='ltr'>iniiffe,</span> 
     </span>
     <span class='ocr_line' id='line_1_8' title="bbox 227 1075 2279 1164; baseline 0.004 -27"><span class='ocrx_word' id='word_1_52' title='bbox 227 1075 452 1139; x_wconf 76' lang='lat' dir='ltr'>constat</span> <span class='ocrx_word' id='word_1_53' title='bbox 498 1098 578 1139; x_wconf 82' lang='lat' dir='ltr'>ex</span> <span class='ocrx_word' id='word_1_54' title='bbox 629 1076 940 1164; x_wconf 87' lang='lat' dir='ltr'>Dionyfio</span> <span class='ocrx_word' id='word_1_55' title='bbox 991 1076 1326 1141; x_wconf 81' lang='lat' dir='ltr'>Halicarn.</span> <span class='ocrx_word' id='word_1_56' title='bbox 1375 1077 1465 1142; x_wconf 85' lang='lat' dir='ltr'>A.</span> <span class='ocrx_word' id='word_1_57' title='bbox 1524 1078 1603 1143; x_wconf 88' lang='lat' dir='ltr'>R.</span> <span class='ocrx_word' id='word_1_58' title='bbox 1654 1078 1773 1142; x_wconf 90' lang='lat' dir='ltr'>VI.</span> <span class='ocrx_word' id='word_1_59' title='bbox 1822 1078 1929 1163; x_wconf 87' lang='lat'>89,</span> <span class='ocrx_word' id='word_1_60' title='bbox 1982 1090 2050 1143; x_wconf 88' lang='lat' dir='ltr'>et</span> <span class='ocrx_word' id='word_1_61' title='bbox 2097 1078 2279 1146; x_wconf 77' lang='lat' dir='ltr'>Livio</span> 
     </span>
     <span class='ocr_line' id='line_1_9' title="bbox 225 1175 2274 1267; baseline 0.004 -29"><span class='ocrx_word' id='word_1_62' title='bbox 225 1175 526 1242; x_wconf 88' lang='lat' dir='ltr'><strong>XXXIX.</strong></span> <span class='ocrx_word' id='word_1_63' title='bbox 546 1196 657 1263; x_wconf 82' lang='lat'>52.</span> <span class='ocrx_word' id='word_1_64' title='bbox 720 1178 1022 1243; x_wconf 77' lang='lat' dir='ltr'>Curionis</span> <span class='ocrx_word' id='word_1_65' title='bbox 1039 1178 1371 1267; x_wconf 80' lang='lat' dir='ltr'>cujusnam</span> <span class='ocrx_word' id='word_1_66' title='bbox 1389 1200 1469 1243; x_wconf 86' lang='lat' dir='ltr'>ex</span> <span class='ocrx_word' id='word_1_67' title='bbox 1494 1179 1699 1245; x_wconf 76' lang='lat' dir='ltr'>tribus</span> <span class='ocrx_word' id='word_1_68' title='bbox 1716 1178 1879 1245; x_wconf 88' lang='lat' dir='ltr'>illud</span> <span class='ocrx_word' id='word_1_69' title='bbox 1900 1180 1973 1243; x_wconf 84' lang='lat' dir='ltr'>fit</span> <span class='ocrx_word' id='word_1_70' title='bbox 1994 1179 2237 1247; x_wconf 60' lang='lat' dir='ltr'>diaum</span> <span class='ocrx_word' id='word_1_71' title='bbox 2254 1206 2274 1247; x_wconf 74' lang='grc' dir='ltr'><strong><em>ε</em></strong></span> 
     </span>
     <span class='ocr_line' id='line_1_10' title="bbox 229 1279 2279 1369; baseline 0.004 -28"><span class='ocrx_word' id='word_1_72' title='bbox 229 1300 303 1341; x_wconf 86' lang='lat' dir='ltr'>an</span> <span class='ocrx_word' id='word_1_73' title='bbox 324 1279 464 1367; x_wconf 81' lang='lat' dir='ltr'>&#39;ejus</span> <span class='ocrx_word' id='word_1_74' title='bbox 503 1279 587 1345; x_wconf 85' lang='lat' dir='ltr'>ad</span> <span class='ocrx_word' id='word_1_75' title='bbox 620 1300 816 1367; x_wconf 90' lang='lat' dir='ltr'>quem</span> <span class='ocrx_word' id='word_1_76' title='bbox 857 1281 1004 1345; x_wconf 90' lang='lat' dir='ltr'>sunt</span> <span class='ocrx_word' id='word_1_77' title='bbox 1041 1279 1318 1369; x_wconf 72' lang='lat' dir='ltr'>epistolae</span> <span class='ocrx_word' id='word_1_78' title='bbox 1359 1304 1400 1347; x_wconf 82' lang='lat' dir='ltr'>a</span> <span class='ocrx_word' id='word_1_79' title='bbox 1445 1282 1759 1347; x_wconf 85' lang='lat' dir='ltr'>Cicerone</span> <span class='ocrx_word' id='word_1_80' title='bbox 1780 1282 2075 1369; x_wconf 59' lang='lat' dir='ltr'>scriptae,</span> <span class='ocrx_word' id='word_1_81' title='bbox 2105 1284 2279 1349; x_wconf 81' lang='lat' dir='ltr'>cele·-</span> 
     </span>
     <span class='ocr_line' id='line_1_11' title="bbox 227 1379 2279 1471; baseline 0.004 -28"><span class='ocrx_word' id='word_1_82' title='bbox 227 1379 378 1444; x_wconf 84' lang='lat' dir='ltr'>brati</span> <span class='ocrx_word' id='word_1_83' title='bbox 418 1382 742 1447; x_wconf 85' lang='lat' dir='ltr'>tribunatu</span> <span class='ocrx_word' id='word_1_84' title='bbox 773 1382 978 1447; x_wconf 84' lang='lat' dir='ltr'>Plebis</span> <span class='ocrx_word' id='word_1_85' title='bbox 1009 1382 1196 1447; x_wconf 86' lang='lat' dir='ltr'>initio</span> <span class='ocrx_word' id='word_1_86' title='bbox 1223 1382 1374 1449; x_wconf 85' lang='lat' dir='ltr'>belli</span> <span class='ocrx_word' id='word_1_87' title='bbox 1401 1382 1603 1449; x_wconf 78' lang='lat' dir='ltr'>civilis</span> <span class='ocrx_word' id='word_1_88' title='bbox 1646 1383 1932 1471; x_wconf 83' lang='lat' dir='ltr'>Pomp&#39;eii</span> <span class='ocrx_word' id='word_1_89' title='bbox 1966 1396 2035 1449; x_wconf 91' lang='lat' dir='ltr'>et</span> <span class='ocrx_word' id='word_1_90' title='bbox 2068 1384 2279 1451; x_wconf 77' lang='lat' dir='ltr'>Caesa-</span> 
     </span>
     <span class='ocr_line' id='line_1_12' title="bbox 231 1480 2274 1572; baseline 0.005 -29"><span class='ocrx_word' id='word_1_91' title='bbox 231 1480 344 1543; x_wconf 89' lang='lat' dir='ltr'>ris:</span> <span class='ocrx_word' id='word_1_92' title='bbox 387 1505 462 1547; x_wconf 87' lang='lat' dir='ltr'>an</span> <span class='ocrx_word' id='word_1_93' title='bbox 491 1482 715 1569; x_wconf 73' lang='lat' dir='ltr'>patriS,</span> <span class='ocrx_word' id='word_1_94' title='bbox 746 1495 860 1548; x_wconf 90' lang='lat' dir='ltr'>aut</span> <span class='ocrx_word' id='word_1_95' title='bbox 888 1484 1012 1564; x_wconf 83' lang='lat' dir='ltr'>avi,</span> <span class='ocrx_word' id='word_1_96' title='bbox 1045 1486 1334 1572; x_wconf 78' lang='lat' dir='ltr'>quorum&#39;</span> <span class='ocrx_word' id='word_1_97' title='bbox 1364 1484 1510 1549; x_wconf 87' lang='lat' dir='ltr'>libri</span> <span class='ocrx_word' id='word_1_98' title='bbox 1547 1498 1617 1550; x_wconf 92' lang='lat' dir='ltr'>et</span> <span class='ocrx_word' id='word_1_99' title='bbox 1656 1484 1979 1551; x_wconf 71' lang='lat' dir='ltr'>orationes</span> <span class='ocrx_word' id='word_1_100' title='bbox 2012 1486 2274 1553; x_wconf 84' lang='lat' dir='ltr'>exstite-</span> 
     </span>
     <span class='ocr_line' id='line_1_13' title="bbox 235 1580 2189 1673; baseline 0.003 -26"><span class='ocrx_word' id='word_1_101' title='bbox 235 1598 390 1665; x_wconf 86' lang='lat' dir='ltr'>runt,</span> <span class='ocrx_word' id='word_1_102' title='bbox 417 1586 560 1651; x_wconf 89' lang='lat' dir='ltr'>teste</span> <span class='ocrx_word' id='word_1_103' title='bbox 593 1584 906 1651; x_wconf 87' lang='lat' dir='ltr'>Cicerone</span> <span class='ocrx_word' id='word_1_104' title='bbox 937 1580 1130 1651; x_wconf 69' lang='lat' dir='ltr'>Brut.</span> <span class='ocrx_word' id='word_1_105' title='bbox 1148 1580 1260 1673; x_wconf 65' lang='lat'>532,</span> <span class='ocrx_word' id='word_1_106' title='bbox 1289 1607 1400 1673; x_wconf 89' lang='lat'>49,</span> <span class='ocrx_word' id='word_1_107' title='bbox 1423 1588 1529 1651; x_wconf 89' lang='lat'>60.</span> <span class='ocrx_word' id='word_1_108' title='bbox 1562 1587 1825 1652; x_wconf 84' lang='lat' dir='ltr'>definire</span> <span class='ocrx_word' id='word_1_109' title='bbox 1854 1609 1987 1653; x_wconf 89' lang='lat' dir='ltr'>non</span> <span class='ocrx_word' id='word_1_110' title='bbox 2014 1587 2189 1655; x_wconf 88' lang='lat' dir='ltr'>licet.</span> 
     </span>
    </p>

    <p class='ocr_par' dir='ltr' id='par_1_5' title="bbox 222 1688 2294 3101">
     <span class='ocr_line' id='line_1_14' title="bbox 314 1688 2281 1777; baseline 0.002 -24"><span class='ocrx_word' id='word_1_111' title='bbox 314 1688 450 1773; x_wconf 84' lang='lat'><strong>283.</strong></span> <span class='ocrx_word' id='word_1_112' title='bbox 479 1690 554 1751; x_wconf 87' lang='lat' dir='ltr'>E.</span> <span class='ocrx_word' id='word_1_113' title='bbox 582 1688 683 1769; x_wconf 62' lang='grc' dir='ltr'>ἰβ’</span> <span class='ocrx_word' id='word_1_114' title='bbox 691 1689 738 1773; x_wconf 88' lang='grc'>.]</span> <span class='ocrx_word' id='word_1_115' title='bbox 785 1690 979 1753; x_wconf 83' lang='lat' dir='ltr'>Hanc</span> <span class='ocrx_word' id='word_1_116' title='bbox 1023 1688 1220 1754; x_wconf 77' lang='lat' dir='ltr'>moris</span> <span class='ocrx_word' id='word_1_117' title='bbox 1263 1688 1635 1771; x_wconf 84' lang='lat' dir='ltr'>utilitatem,</span> <span class='ocrx_word' id='word_1_118' title='bbox 1672 1689 1879 1777; x_wconf 77' lang='lat' dir='ltr'>magis</span> <span class='ocrx_word' id='word_1_119' title='bbox 1905 1691 2136 1776; x_wconf 86' lang='lat' dir='ltr'>posteri</span> <span class='ocrx_word' id='word_1_120' title='bbox 2164 1692 2281 1757; x_wconf 89' lang='lat' dir='ltr'>usu</span> 
     </span>
     <span class='ocr_line' id='line_1_15' title="bbox 237 1788 2283 1878; baseline 0.004 -26"><span class='ocrx_word' id='word_1_121' title='bbox 237 1788 821 1870; x_wconf 82' lang='lat' dir='ltr'>animadverterunt,</span> <span class='ocrx_word' id='word_1_122' title='bbox 863 1812 1056 1877; x_wconf 83' lang='lat' dir='ltr'>quam</span> <span class='ocrx_word' id='word_1_123' title='bbox 1086 1791 1377 1857; x_wconf 67' lang='lat' dir='ltr'>auctores</span> <span class='ocrx_word' id='word_1_124' title='bbox 1405 1791 1790 1858; x_wconf 88' lang='lat' dir='ltr'>instituendo</span> <span class='ocrx_word' id='word_1_125' title='bbox 1825 1792 2187 1878; x_wconf 65' lang='lat' dir='ltr'>spectarunt</span> <span class='ocrx_word' id='word_1_126' title='bbox 2212 1808 2283 1861; x_wconf 90' lang='lat' dir='ltr'>et</span> 
     </span>
     <span class='ocr_line' id='line_1_16' title="bbox 239 1892 2282 1982; baseline 0.003 -27"><span class='ocrx_word' id='word_1_127' title='bbox 239 1892 652 1976; x_wconf 84' lang='lat' dir='ltr'>quaefiverunt.</span> <span class='ocrx_word' id='word_1_128' title='bbox 742 1892 870 1957; x_wconf 85' lang='lat' dir='ltr'>Sed</span> <span class='ocrx_word' id='word_1_129' title='bbox 899 1893 1038 1959; x_wconf 83' lang='lat' dir='ltr'>haec</span> <span class='ocrx_word' id='word_1_130' title='bbox 1065 1894 1152 1958; x_wconf 86' lang='lat' dir='ltr'>est</span> <span class='ocrx_word' id='word_1_131' title='bbox 1181 1893 1535 1982; x_wconf 71' lang='grc' dir='ltr'>εὑςεσιλογῖα</span> <span class='ocrx_word' id='word_1_132' title='bbox 1564 1894 1628 1959; x_wconf 84' lang='lat' dir='ltr'>in</span> <span class='ocrx_word' id='word_1_133' title='bbox 1658 1894 1889 1974; x_wconf 62' lang='lat' dir='ltr'>Ata-5025,</span> <span class='ocrx_word' id='word_1_134' title='bbox 1918 1910 1985 1959; x_wconf 81' lang='lat' dir='ltr'>et</span> <span class='ocrx_word' id='word_1_135' title='bbox 2014 1894 2282 1961; x_wconf 77' lang='lat' dir='ltr'>omnino</span> 
     </span>
     <span class='ocr_line' id='line_1_17' title="bbox 243 1980 2281 2084; baseline 0.003 -28"><span class='ocrx_word' id='word_1_136' title='bbox 243 1992 300 2057; x_wconf 90' lang='lat' dir='ltr'>in</span> <span class='ocrx_word' id='word_1_137' title='bbox 326 1980 528 2059; x_wconf 70' lang='lat' dir='ltr'>caussis</span> <span class='ocrx_word' id='word_1_138' title='bbox 553 1995 780 2083; x_wconf 84' lang='lat' dir='ltr'>legum</span> <span class='ocrx_word' id='word_1_139' title='bbox 808 2016 1190 2083; x_wconf 87' lang='lat' dir='ltr'>morumque</span> <span class='ocrx_word' id='word_1_140' title='bbox 1216 2008 1284 2061; x_wconf 89' lang='lat' dir='ltr'>et</span> <span class='ocrx_word' id='word_1_141' title='bbox 1312 1996 1585 2061; x_wconf 73' lang='lat' dir='ltr'>consiliis</span> <span class='ocrx_word' id='word_1_142' title='bbox 1610 1995 1929 2083; x_wconf 86' lang='lat' dir='ltr'>majorum</span> <span class='ocrx_word' id='word_1_143' title='bbox 1954 1997 2281 2084; x_wconf 80' lang='lat' dir='ltr'>explican-</span> 
     </span>
     <span class='ocr_line' id='line_1_18' title="bbox 236 2094 2281 2187; baseline 0.003 -28"><span class='ocrx_word' id='word_1_144' title='bbox 236 2094 346 2161; x_wconf 83' lang='lat' dir='ltr'>dis.</span> <span class='ocrx_word' id='word_1_145' title='bbox 426 2099 683 2163; x_wconf 84' lang='lat' dir='ltr'>Moram</span> <span class='ocrx_word' id='word_1_146' title='bbox 709 2096 948 2163; x_wconf 84' lang='lat' dir='ltr'>actioni</span> <span class='ocrx_word' id='word_1_147' title='bbox 975 2096 1363 2186; x_wconf 68' lang='lat' dir='ltr'>interjicere,</span> <span class='ocrx_word' id='word_1_148' title='bbox 1391 2096 1749 2184; x_wconf 67' lang='lat' dir='ltr'>prudentiae</span> <span class='ocrx_word' id='word_1_149' title='bbox 1776 2098 1885 2178; x_wconf 89' lang='lat' dir='ltr'>est,</span> <span class='ocrx_word' id='word_1_150' title='bbox 1914 2098 2099 2187; x_wconf 71' lang='lat' dir='ltr'>cujus</span> <span class='ocrx_word' id='word_1_151' title='bbox 2135 2120 2281 2166; x_wconf 88' lang='lat' dir='ltr'>mo-</span> 
     </span>
     <span class='ocr_line' id='line_1_19' title="bbox 243 2198 2281 2287; baseline 0.001 -25"><span class='ocrx_word' id='word_1_152' title='bbox 243 2198 488 2264; x_wconf 88' lang='lat' dir='ltr'>nitorem</span> <span class='ocrx_word' id='word_1_153' title='bbox 521 2200 708 2287; x_wconf 85' lang='lat' dir='ltr'>supra</span> <span class='ocrx_word' id='word_1_154' title='bbox 735 2198 954 2263; x_wconf 85' lang='lat' dir='ltr'>citavit</span> <span class='ocrx_word' id='word_1_155' title='bbox 981 2198 1407 2266; x_wconf 85' lang='lat' dir='ltr'>Phavorinum</span> <span class='ocrx_word' id='word_1_156' title='bbox 1437 2199 1677 2266; x_wconf 80' lang='lat' dir='ltr'>Quaest.</span> <span class='ocrx_word' id='word_1_157' title='bbox 1703 2200 1785 2265; x_wconf 88' lang='lat' dir='ltr'>R.</span> <span class='ocrx_word' id='word_1_158' title='bbox 1805 2198 1891 2277; x_wconf 81' lang='grc' dir='ltr'>κη’</span> <span class='ocrx_word' id='word_1_159' title='bbox 1895 2246 1914 2263; x_wconf 91' lang='grc'><strong>.</strong></span> <span class='ocrx_word' id='word_1_160' title='bbox 1938 2221 2007 2287; x_wconf 88' lang='lat' dir='ltr'>p.</span> <span class='ocrx_word' id='word_1_161' title='bbox 2031 2216 2177 2284; x_wconf 86' lang='lat'><strong>271.</strong></span> <span class='ocrx_word' id='word_1_162' title='bbox 2200 2200 2281 2267; x_wconf 90' lang='lat' dir='ltr'>C.</span> 
     </span>
     <span class='ocr_line' id='line_1_20' title="bbox 241 2297 2280 2389; baseline 0.003 -25"><span class='ocrx_word' id='word_1_163' title='bbox 241 2297 438 2389; x_wconf 60' lang='lat' dir='ltr'>rb‘yokp</span> <span class='ocrx_word' id='word_1_164' title='bbox 478 2306 542 2366; x_wconf 77' lang='grc' dir='ltr'>ἐκ</span> <span class='ocrx_word' id='word_1_165' title='bbox 583 2307 935 2389; x_wconf 77' lang='grc' dir='ltr'><strong><em>παρασκευῆς</em></strong></span> <span class='ocrx_word' id='word_1_166' title='bbox 970 2301 1246 2384; x_wconf 75' lang='grc' dir='ltr'>μέλλησιν</span> <span class='ocrx_word' id='word_1_167' title='bbox 1271 2304 1487 2385; x_wconf 60' lang='lat' dir='ltr'>ipa-vocs?</span> <span class='ocrx_word' id='word_1_168' title='bbox 1522 2303 1619 2366; x_wconf 70' lang='grc' dir='ltr'>καὶ</span> <span class='ocrx_word' id='word_1_169' title='bbox 1662 2300 2021 2381; x_wconf 71' lang='grc' dir='ltr'>βουλεύεσθαι</span> <span class='ocrx_word' id='word_1_170' title='bbox 2045 2302 2280 2372; x_wconf 77' lang='grc' dir='ltr'>δίδωσιν.</span> 
     </span>
     <span class='ocr_line' id='line_1_21' title="bbox 243 2401 2284 2491; baseline 0.001 -24"><span class='ocrx_word' id='word_1_171' title='bbox 243 2402 416 2468; x_wconf 74' lang='lat' dir='ltr'>Sic&#39;in</span> <span class='ocrx_word' id='word_1_172' title='bbox 443 2406 578 2470; x_wconf 89' lang='lat' dir='ltr'>Ser.</span> <span class='ocrx_word' id='word_1_173' title='bbox 629 2404 838 2468; x_wconf 88' lang='lat' dir='ltr'>Num.</span> <span class='ocrx_word' id='word_1_174' title='bbox 868 2401 1068 2469; x_wconf 85' lang='lat' dir='ltr'>vind.</span> <span class='ocrx_word' id='word_1_175' title='bbox 1101 2425 1172 2490; x_wconf 88' lang='lat' dir='ltr'>p.</span> <span class='ocrx_word' id='word_1_176' title='bbox 1198 2424 1238 2489; x_wconf 89' lang='grc'><strong>5</strong></span> <span class='ocrx_word' id='word_1_177' title='bbox 1241 2420 1352 2489; x_wconf 86' lang='grc' dir='ltr'>5ο.</span> <span class='ocrx_word' id='word_1_178' title='bbox 1383 2403 1467 2469; x_wconf 91' lang='lat' dir='ltr'>C.</span> <span class='ocrx_word' id='word_1_179' title='bbox 1498 2402 1745 2481; x_wconf 83' lang='lat' dir='ltr'>suadet,</span> <span class='ocrx_word' id='word_1_180' title='bbox 1778 2402 1845 2467; x_wconf 88' lang='lat' dir='ltr'>in</span> <span class='ocrx_word' id='word_1_181' title='bbox 1876 2401 1969 2468; x_wconf 79' lang='lat' dir='ltr'>ira</span> <span class='ocrx_word' id='word_1_182' title='bbox 1998 2417 2065 2469; x_wconf 90' lang='lat' dir='ltr'>et</span> <span class='ocrx_word' id='word_1_183' title='bbox 2090 2404 2284 2491; x_wconf 46' lang='lat' dir='ltr'>puni.</span> 
     </span>
     <span class='ocr_line' id='line_1_22' title="bbox 243 2502 2283 2590; baseline 0.002 -23"><span class='ocrx_word' id='word_1_184' title='bbox 243 2503 392 2569; x_wconf 85' lang='lat' dir='ltr'>endo</span> <span class='ocrx_word' id='word_1_185' title='bbox 417 2503 656 2569; x_wconf 84' lang='lat' dir='ltr'>imitari</span> <span class='ocrx_word' id='word_1_186' title='bbox 682 2503 811 2569; x_wconf 91' lang='lat' dir='ltr'>Dei</span> <span class='ocrx_word' id='word_1_187' title='bbox 836 2502 1122 2590; x_wconf 68' lang='grc' dir='ltr'>πραότητα</span> <span class='ocrx_word' id='word_1_188' title='bbox 1151 2504 1248 2567; x_wconf 71' lang='grc' dir='ltr'>καὶ</span> <span class='ocrx_word' id='word_1_189' title='bbox 1275 2503 1573 2585; x_wconf 74' lang='grc' dir='ltr'><strong>μέλλησιν.</strong></span> <span class='ocrx_word' id='word_1_190' title='bbox 1649 2504 1805 2569; x_wconf 81' lang='lat' dir='ltr'>Quo</span> <span class='ocrx_word' id='word_1_191' title='bbox 1831 2502 2109 2590; x_wconf 86' lang='lat' dir='ltr'>pertinet</span> <span class='ocrx_word' id='word_1_192' title='bbox 2136 2506 2283 2571; x_wconf 61' lang='lat' dir='ltr'>Hos</span> 
     </span>
     <span class='ocr_line' id='line_1_23' title="bbox 239 2604 2283 2692; baseline 0.001 -24"><span class='ocrx_word' id='word_1_193' title='bbox 239 2606 530 2671; x_wconf 84' lang='lat' dir='ltr'>ratianum</span> <span class='ocrx_word' id='word_1_194' title='bbox 576 2605 771 2692; x_wconf 87' lang='lat' dir='ltr'>Epist.</span> <span class='ocrx_word' id='word_1_195' title='bbox 821 2608 874 2669; x_wconf 91' lang='lat' dir='ltr'>I.</span> <span class='ocrx_word' id='word_1_196' title='bbox 924 2624 986 2685; x_wconf 85' lang='lat'>2,</span> <span class='ocrx_word' id='word_1_197' title='bbox 1028 2620 1114 2692; x_wconf 85' lang='lat'>59</span> <span class='ocrx_word' id='word_1_198' title='bbox 1137 2604 1372 2691; x_wconf 72' lang='grc' dir='ltr'><em>ε--Ωτά</em></span> <span class='ocrx_word' id='word_1_199' title='bbox 1411 2629 1523 2681; x_wconf 70' lang='lat' dir='ltr'>non</span> <span class='ocrx_word' id='word_1_200' title='bbox 1570 2605 1953 2671; x_wconf 76' lang='lat' dir='ltr'>moderabitur</span> <span class='ocrx_word' id='word_1_201' title='bbox 1992 2605 2130 2686; x_wconf 81' lang='lat' dir='ltr'>iroe,</span> <span class='ocrx_word' id='word_1_202' title='bbox 2171 2607 2283 2671; x_wconf 81' lang='lat' dir='ltr'>In·</span> 
     </span>
     <span class='ocr_line' id='line_1_24' title="bbox 222 2707 2291 2797; baseline 0 -24"><span class='ocrx_word' id='word_1_203' title='bbox 222 2707 430 2796; x_wconf 61' lang='lat' dir='ltr'>feaessum</span> <span class='ocrx_word' id='word_1_204' title='bbox 451 2710 607 2773; x_wconf 76' lang='lat' dir='ltr'>volet</span> <span class='ocrx_word' id='word_1_205' title='bbox 627 2710 755 2795; x_wconf 70' lang='lat' dir='ltr'>ff,</span> <span class='ocrx_word' id='word_1_206' title='bbox 784 2707 942 2771; x_wconf 81' lang='lat' dir='ltr'>dolor</span> <span class='ocrx_word' id='word_1_207' title='bbox 968 2710 1122 2797; x_wconf 83' lang='lat' dir='ltr'>quod</span> <span class='ocrx_word' id='word_1_208' title='bbox 1136 2707 1402 2795; x_wconf 71' lang='lat' dir='ltr'>suaserit</span> <span class='ocrx_word' id='word_1_209' title='bbox 1443 2718 1499 2771; x_wconf 81' lang='lat' dir='ltr'>et</span> <span class='ocrx_word' id='word_1_210' title='bbox 1538 2731 1719 2787; x_wconf 82' lang='lat' dir='ltr'>mens,</span> <span class='ocrx_word' id='word_1_211' title='bbox 1748 2708 1915 2771; x_wconf 81' lang='lat' dir='ltr'>Dum</span> <span class='ocrx_word' id='word_1_212' title='bbox 1934 2722 2143 2795; x_wconf 80' lang='lat' dir='ltr'>poenas</span> <span class='ocrx_word' id='word_1_213' title='bbox 2166 2708 2291 2773; x_wconf 76' lang='lat' dir='ltr'>odio</span> 
     </span>
     <span class='ocr_line' id='line_1_25' title="bbox 237 2808 2287 2897; baseline 0.001 -25"><span class='ocrx_word' id='word_1_214' title='bbox 237 2825 334 2897; x_wconf 80' lang='lat' dir='ltr'>per</span> <span class='ocrx_word' id='word_1_215' title='bbox 345 2811 462 2875; x_wconf 79' lang='lat' dir='ltr'>vim</span> <span class='ocrx_word' id='word_1_216' title='bbox 465 2809 724 2897; x_wconf 83' lang='lat' dir='ltr'>fstinat</span> <span class='ocrx_word' id='word_1_217' title='bbox 749 2809 952 2874; x_wconf 80' lang='lat' dir='ltr'>inulto.</span> <span class='ocrx_word' id='word_1_218' title='bbox 1015 2810 1150 2875; x_wconf 85' lang='lat' dir='ltr'>Ubi</span> <span class='ocrx_word' id='word_1_219' title='bbox 1175 2808 1362 2874; x_wconf 92' lang='lat' dir='ltr'>dolor</span> <span class='ocrx_word' id='word_1_220' title='bbox 1389 2821 1459 2873; x_wconf 86' lang='lat' dir='ltr'>et</span> <span class='ocrx_word' id='word_1_221' title='bbox 1486 2830 1669 2873; x_wconf 77' lang='lat' dir='ltr'>mens</span> <span class='ocrx_word' id='word_1_222' title='bbox 1691 2809 1776 2873; x_wconf 86' lang='lat' dir='ltr'>est</span> <span class='ocrx_word' id='word_1_223' title='bbox 1796 2808 1853 2873; x_wconf 67' lang='grc' dir='ltr'>’ὃν</span> <span class='ocrx_word' id='word_1_224' title='bbox 1876 2812 1966 2873; x_wconf 76' lang='grc' dir='ltr'>διὰ</span> <span class='ocrx_word' id='word_1_225' title='bbox 1987 2812 2148 2889; x_wconf 78' lang='grc' dir='ltr'>δυοῖν,</span> <span class='ocrx_word' id='word_1_226' title='bbox 2168 2832 2287 2896; x_wconf 89' lang='lat' dir='ltr'>pro</span> 
     </span>
     <span class='ocr_line' id='line_1_26' title="bbox 242 2908 2294 3000; baseline 0.001 -27"><span class='ocrx_word' id='word_1_227' title='bbox 242 2933 380 2973; x_wconf 83' lang='lat' dir='ltr'>mens</span> <span class='ocrx_word' id='word_1_228' title='bbox 411 2910 643 2976; x_wconf 77' lang='lat' dir='ltr'>dolens:</span> <span class='ocrx_word' id='word_1_229' title='bbox 681 2911 860 3000; x_wconf 89' lang='lat' dir='ltr'>quod</span> <span class='ocrx_word' id='word_1_230' title='bbox 885 2930 1252 2991; x_wconf 73' lang='lat' dir='ltr'>monemuS,</span> <span class='ocrx_word' id='word_1_231' title='bbox 1283 2932 1366 2975; x_wconf 90' lang='lat' dir='ltr'>ne</span> <span class='ocrx_word' id='word_1_232' title='bbox 1395 2908 1566 2997; x_wconf 74' lang='lat' dir='ltr'>quie,</span> <span class='ocrx_word' id='word_1_233' title='bbox 1596 2930 1749 2973; x_wconf 89' lang='lat' dir='ltr'>cum</span> <span class='ocrx_word' id='word_1_234' title='bbox 1780 2910 2066 2989; x_wconf 88' lang='lat' dir='ltr'>Muret0,</span> <span class='ocrx_word' id='word_1_235' title='bbox 2098 2932 2294 2975; x_wconf 78' lang='lat' dir='ltr'>amens</span> 
     </span>
     <span class='ocr_line' id='line_1_27' title="bbox 243 3013 796 3101; baseline 0.006 -26"><span class='ocrx_word' id='word_1_236' title='bbox 243 3013 538 3101; x_wconf 85' lang='lat' dir='ltr'>corrigere</span> <span class='ocrx_word' id='word_1_237' title='bbox 565 3024 796 3080; x_wconf 88' lang='lat' dir='ltr'>tentet.</span> 
     </span>
    </p>

    <p class='ocr_par' dir='ltr' id='par_1_6' title="bbox 243 3074 2301 3917">
     <span class='ocr_line' id='line_1_28' title="bbox 318 3074 2289 3201; baseline -0.002 -20"><span class='ocrx_word' id='word_1_238' title='bbox 318 3115 460 3200; x_wconf 82' lang='lat'><strong>283.</strong></span> <span class='ocrx_word' id='word_1_239' title='bbox 491 3118 562 3181; x_wconf 88' lang='lat' dir='ltr'>F.</span> <span class='ocrx_word' id='word_1_240' title='bbox 593 3143 716 3201; x_wconf 73' lang='grc' dir='ltr'>πγ.</span> <span class='ocrx_word' id='word_1_241' title='bbox 675 3114 744 3201; x_wconf 84' lang='grc'>’.]</span> <span class='ocrx_word' id='word_1_242' title='bbox 784 3115 960 3181; x_wconf 91' lang='lat' dir='ltr'>Prior</span> <span class='ocrx_word' id='word_1_243' title='bbox 985 3074 1256 3180; x_wconf 82' lang='lat' dir='ltr'>historiae</span> <span class='ocrx_word' id='word_1_244' title='bbox 1284 3114 1481 3201; x_wconf 81' lang='lat' dir='ltr'>hujus</span> <span class='ocrx_word' id='word_1_245' title='bbox 1507 3136 1657 3201; x_wconf 78' lang='lat' dir='ltr'>pars</span> <span class='ocrx_word' id='word_1_246' title='bbox 1678 3112 1833 3179; x_wconf 85' lang='lat' dir='ltr'>alibi</span> <span class='ocrx_word' id='word_1_247' title='bbox 1859 3134 1989 3177; x_wconf 88' lang='lat' dir='ltr'>non</span> <span class='ocrx_word' id='word_1_248' title='bbox 2016 3110 2289 3199; x_wconf 82' lang='lat' dir='ltr'>legitur.</span> 
     </span>
     <span class='ocr_line' id='line_1_29' title="bbox 244 3214 2293 3305; baseline 0.001 -26"><span class='ocrx_word' id='word_1_249' title='bbox 244 3216 530 3303; x_wconf 73' lang='lat' dir='ltr'>Bletonesz‘i</span> <span class='ocrx_word' id='word_1_250' title='bbox 569 3217 844 3298; x_wconf 83' lang='lat' dir='ltr'>barbari,</span> <span class='ocrx_word' id='word_1_251' title='bbox 892 3217 1002 3305; x_wconf 87' lang='lat' dir='ltr'>qui</span> <span class='ocrx_word' id='word_1_252' title='bbox 1039 3218 1299 3296; x_wconf 83' lang='lat' dir='ltr'>fuerint,</span> <span class='ocrx_word' id='word_1_253' title='bbox 1337 3239 1420 3281; x_wconf 82' lang='lat' dir='ltr'>an</span> <span class='ocrx_word' id='word_1_254' title='bbox 1461 3216 1529 3281; x_wconf 87' lang='lat' dir='ltr'>in</span> <span class='ocrx_word' id='word_1_255' title='bbox 1569 3218 1885 3282; x_wconf 87' lang='lat' dir='ltr'>Veterum</span> <span class='ocrx_word' id='word_1_256' title='bbox 1913 3214 2293 3302; x_wconf 87' lang='lat' dir='ltr'>scriptorum</span> 
     </span>
     <span class='ocr_line' id='line_1_30' title="bbox 245 3316 2297 3405; baseline -0 -22"><span class='ocrx_word' id='word_1_257' title='bbox 245 3320 508 3405; x_wconf 86' lang='lat' dir='ltr'>quodam</span> <span class='ocrx_word' id='word_1_258' title='bbox 553 3318 842 3384; x_wconf 83' lang='lat' dir='ltr'>tradatur</span> <span class='ocrx_word' id='word_1_259' title='bbox 883 3318 1152 3397; x_wconf 86' lang='lat' dir='ltr'>dubito;</span> <span class='ocrx_word' id='word_1_260' title='bbox 1197 3317 1503 3405; x_wconf 71' lang='lat' dir='ltr'>siquidem</span> <span class='ocrx_word' id='word_1_261' title='bbox 1532 3317 1816 3383; x_wconf 86' lang='lat' dir='ltr'>Ortelius</span> <span class='ocrx_word' id='word_1_262' title='bbox 1846 3339 1924 3382; x_wconf 85' lang='lat' dir='ltr'>ex</span> <span class='ocrx_word' id='word_1_263' title='bbox 1950 3339 2083 3381; x_wconf 83' lang='lat' dir='ltr'>uno</span> <span class='ocrx_word' id='word_1_264' title='bbox 2117 3316 2297 3383; x_wconf 89' lang='lat' dir='ltr'>Plut-</span> 
     </span>
     <span class='ocr_line' id='line_1_31' title="bbox 249 3410 2295 3509; baseline -0 -23"><span class='ocrx_word' id='word_1_265' title='bbox 249 3423 408 3488; x_wconf 78' lang='lat' dir='ltr'>archi</span> <span class='ocrx_word' id='word_1_266' title='bbox 439 3410 568 3487; x_wconf 80' lang='lat' dir='ltr'>lioc</span> <span class='ocrx_word' id='word_1_267' title='bbox 599 3422 837 3488; x_wconf 87' lang='lat' dir='ltr'>indicio</span> <span class='ocrx_word' id='word_1_268' title='bbox 879 3422 1146 3509; x_wconf 87' lang='lat' dir='ltr'>apponit</span> <span class='ocrx_word' id='word_1_269' title='bbox 1173 3422 1242 3485; x_wconf 87' lang='lat' dir='ltr'>in</span> <span class='ocrx_word' id='word_1_270' title='bbox 1270 3420 1597 3488; x_wconf 87' lang='lat' dir='ltr'>Thesauro</span> <span class='ocrx_word' id='word_1_271' title='bbox 1622 3422 1871 3507; x_wconf 62' lang='lat' dir='ltr'>Geogr5‘</span> <span class='ocrx_word' id='word_1_272' title='bbox 1896 3422 2102 3486; x_wconf 88' lang='lat' dir='ltr'>Voce.</span> <span class='ocrx_word' id='word_1_273' title='bbox 2176 3421 2295 3485; x_wconf 78' lang='lat' dir='ltr'>Sa·</span> 
     </span>
     <span class='ocr_line' id='line_1_32' title="bbox 243 3521 2295 3613; baseline -0.002 -22"><span class='ocrx_word' id='word_1_274' title='bbox 243 3522 534 3592; x_wconf 84' lang='lat' dir='ltr'>crificium</span> <span class='ocrx_word' id='word_1_275' title='bbox 581 3525 712 3589; x_wconf 82' lang='lat' dir='ltr'>tale</span> <span class='ocrx_word' id='word_1_276' title='bbox 763 3524 1040 3613; x_wconf 83' lang='lat' dir='ltr'>legimus</span> <span class='ocrx_word' id='word_1_277' title='bbox 1087 3524 1154 3589; x_wconf 88' lang='lat' dir='ltr'>in</span> <span class='ocrx_word' id='word_1_278' title='bbox 1202 3522 1362 3589; x_wconf 89' lang='lat' dir='ltr'>Livii</span> <span class='ocrx_word' id='word_1_279' title='bbox 1409 3524 1633 3587; x_wconf 89' lang='lat' dir='ltr'><strong>XXII.</strong></span> <span class='ocrx_word' id='word_1_280' title='bbox 1681 3533 1795 3606; x_wconf 89' lang='grc'>57.</span> <span class='ocrx_word' id='word_1_281' title='bbox 1845 3521 1999 3587; x_wconf 87' lang='lat' dir='ltr'>item</span> <span class='ocrx_word' id='word_1_282' title='bbox 2052 3521 2295 3587; x_wconf 63' lang='lat' dir='ltr'>factum</span> 
     </span>
     <span class='ocr_line' id='line_1_33' title="bbox 246 3613 2295 3716; baseline -0.003 -23"><span class='ocrx_word' id='word_1_283' title='bbox 246 3640 490 3716; x_wconf 85' lang='lat' dir='ltr'>propter</span> <span class='ocrx_word' id='word_1_284' title='bbox 517 3627 802 3694; x_wconf 82' lang='lat' dir='ltr'>Vestales</span> <span class='ocrx_word' id='word_1_285' title='bbox 833 3628 1179 3714; x_wconf 82' lang='lat' dir='ltr'>stupratas.</span> <span class='ocrx_word' id='word_1_286' title='bbox 1163 3651 1178 3667; x_wconf 89' lang='lat'><strong>·</strong></span> <span class='ocrx_word' id='word_1_287' title='bbox 1227 3651 1296 3689; x_wconf 76' lang='lat' dir='ltr'>ex</span> <span class='ocrx_word' id='word_1_288' title='bbox 1314 3613 1619 3710; x_wconf 57' lang='lat' dir='ltr'>fatalibus</span> <span class='ocrx_word' id='word_1_289' title='bbox 1658 3622 1824 3687; x_wconf 72' lang='lat' dir='ltr'>libris</span> <span class='ocrx_word' id='word_1_290' title='bbox 1840 3622 2147 3710; x_wconf 59' lang='lat' dir='ltr'>sacrificia</span> <span class='ocrx_word' id='word_1_291' title='bbox 2174 3623 2295 3689; x_wconf 77' lang='lat' dir='ltr'>ali·</span> 
     </span>
     <span class='ocr_line' id='line_1_34' title="bbox 234 3702 2301 3819; baseline -0.001 -25.987"><span class='ocrx_word' id='word_1_292' title='bbox 234 3735 363 3819; x_wconf 74' lang='lat' dir='ltr'>q‘uot</span> <span class='ocrx_word' id='word_1_293' title='bbox 388 3702 854 3795; x_wconf 54' lang='lat' dir='ltr'>extraordinaria</span> <span class='ocrx_word' id='word_1_294' title='bbox 863 3728 1092 3815; x_wconf 59' lang='lat' dir='ltr'>suffla.-</span> <span class='ocrx_word' id='word_1_295' title='bbox 1121 3728 1270 3791; x_wconf 78' lang='lat' dir='ltr'>iuter</span> <span class='ocrx_word' id='word_1_296' title='bbox 1297 3748 1437 3815; x_wconf 79' lang='lat' dir='ltr'>quoe</span> <span class='ocrx_word' id='word_1_297' title='bbox 1470 3723 1687 3789; x_wconf 74' lang='lat' dir='ltr'>Gallus</span> <span class='ocrx_word' id='word_1_298' title='bbox 1714 3736 1769 3787; x_wconf 84' lang='lat' dir='ltr'>et</span> <span class='ocrx_word' id='word_1_299' title='bbox 1802 3724 2018 3806; x_wconf 85' lang='lat' dir='ltr'><em>Galla,</em></span> <span class='ocrx_word' id='word_1_300' title='bbox 2052 3726 2301 3796; x_wconf 65' lang='lat' dir='ltr'>Grac-us</span> 
     </span>
     <span class='ocr_line' id='line_1_35' title="bbox 233 3824 2301 3929; baseline -0.002 -33.973"><span class='ocrx_word' id='word_1_301' title='bbox 233 3845 294 3895; x_wconf 83' lang='lat' dir='ltr'>-et</span> <span class='ocrx_word' id='word_1_302' title='bbox 337 3832 582 3911; x_wconf 62' lang='grc' dir='ltr'>(ἔπεσα,</span> <span class='ocrx_word' id='word_1_303' title='bbox 621 3833 687 3896; x_wconf 84' lang='lat' dir='ltr'>in</span> <span class='ocrx_word' id='word_1_304' title='bbox 703 3830 844 3917; x_wconf 86' lang='lat' dir='ltr'>foro</span> <span class='ocrx_word' id='word_1_305' title='bbox 877 3830 1060 3895; x_wconf 82' lang='lat' dir='ltr'>boario</span> <span class='ocrx_word' id='word_1_306' title='bbox 1076 3830 1200 3916; x_wconf 81' lang='lat' dir='ltr'>sub</span> <span class='ocrx_word' id='word_1_307' title='bbox 1235 3840 1392 3891; x_wconf 80' lang='lat' dir='ltr'>terra</span> <span class='ocrx_word' id='word_1_308' title='bbox 1425 3826 1563 3891; x_wconf 80' lang='lat' dir='ltr'>vivi</span> <span class='ocrx_word' id='word_1_309' title='bbox 1597 3824 1825 3939; x_wconf 75' lang='grc' dir='ltr'>ἆεηι[[1ἱ</span> <span class='ocrx_word' id='word_1_310' title='bbox 1790 3826 2044 3911; x_wconf 77' lang='lat' dir='ltr'>z&#39;sunt</span> <span class='ocrx_word' id='word_1_311' title='bbox 2021 3850 2085 3889; x_wconf 82' lang='lat' dir='ltr'>m</span> <span class='ocrx_word' id='word_1_312' title='bbox 2120 3825 2301 3891; x_wconf 82' lang='lat' dir='ltr'>locum</span> 
     </span>
    </p>
   </div>
   <div class='ocr_carea' id='block_1_5' title="bbox 230 3927 2407 4024">
    <p class='ocr_par' dir='ltr' id='par_1_7' title="bbox 230 3927 2407 4024">
     <span class='ocr_line' id='line_1_36' title="bbox 230 3927 2407 4024; baseline -0.005 -23"><span class='ocrx_word' id='word_1_313' title='bbox 230 3936 364 4021; x_wconf 58' lang='grc' dir='ltr'>[ἷκτο</span> <span class='ocrx_word' id='word_1_314' title='bbox 392 3937 736 4024; x_wconf 74' lang='lat' dir='ltr'>cmfiptum,</span> <span class='ocrx_word' id='word_1_315' title='bbox 743 3933 885 4021; x_wconf 84' lang='lat' dir='ltr'>jam</span> <span class='ocrx_word' id='word_1_316' title='bbox 913 3946 1048 4002; x_wconf 79' lang='lat' dir='ltr'>ante</span> <span class='ocrx_word' id='word_1_317' title='bbox 1072 3930 1256 4015; x_wconf 82' lang='lat' dir='ltr'>hostiis</span> <span class='ocrx_word' id='word_1_318' title='bbox 1287 3928 1578 4008; x_wconf 78' lang='lat' dir='ltr'>humanis,</span> <span class='ocrx_word' id='word_1_319' title='bbox 1610 3928 1841 3991; x_wconf 82' lang='lat' dir='ltr'>minime</span> <span class='ocrx_word' id='word_1_320' title='bbox 1864 3927 2117 3991; x_wconf 82' lang='lat' dir='ltr'><em>Romano</em></span> <span class='ocrx_word' id='word_1_321' title='bbox 2120 3929 2301 4013; x_wconf 82' lang='lat' dir='ltr'>sacro</span> <span class='ocrx_word' id='word_1_322' title='bbox 2400 3967 2407 3974; x_wconf 82' lang='grc'><strong>-</strong></span> 
     </span>
    </p>
   </div>
   <div class='ocr_carea' id='block_1_6' title="bbox 247 4026 2301 4114">
    <p class='ocr_par' dir='ltr' id='par_1_8' title="bbox 247 4026 2301 4114">
     <span class='ocr_line' id='line_1_37' title="bbox 247 4026 2301 4114; baseline -0.002 -15"><span class='ocrx_word' id='word_1_323' title='bbox 247 4036 868 4103; x_wconf 74' lang='lat' dir='ltr'>imbutum.He1viae</span> <span class='ocrx_word' id='word_1_324' title='bbox 911 4035 1158 4114; x_wconf 89' lang='lat' dir='ltr'>casum,</span> <span class='ocrx_word' id='word_1_325' title='bbox 1179 4045 1246 4098; x_wconf 90' lang='lat' dir='ltr'>et</span> <span class='ocrx_word' id='word_1_326' title='bbox 1272 4026 1622 4099; x_wconf 85' lang='lat' dir='ltr'>Vestalium</span> <span class='ocrx_word' id='word_1_327' title='bbox 1654 4030 1849 4095; x_wconf 87' lang='lat' dir='ltr'>trium</span> <span class='ocrx_word' id='word_1_328' title='bbox 1878 4028 2119 4093; x_wconf 87' lang='lat' dir='ltr'>crimen</span> <span class='ocrx_word' id='word_1_329' title='bbox 2151 4051 2301 4095; x_wconf 88' lang='lat' dir='ltr'>nar-</span> 
     </span>
    </p>
   </div>
   <div class='ocr_carea' id='block_1_7' title="bbox 247 4130 2437 4237">
    <p class='ocr_par' dir='ltr' id='par_1_9' title="bbox 247 4130 2437 4237">
     <span class='ocr_line' id='line_1_38' title="bbox 247 4130 2437 4237; baseline -0.006 -34"><span class='ocrx_word' id='word_1_330' title='bbox 247 4156 328 4205; x_wconf 85' lang='lat' dir='ltr'>rat</span> <span class='ocrx_word' id='word_1_331' title='bbox 352 4140 612 4206; x_wconf 74' lang='lat' dir='ltr'>Orofius</span> <span class='ocrx_word' id='word_1_332' title='bbox 640 4137 879 4203; x_wconf 88' lang='lat' dir='ltr'>Histor.</span> <span class='ocrx_word' id='word_1_333' title='bbox 910 4138 998 4201; x_wconf 90' lang='lat' dir='ltr'>V.</span> <span class='ocrx_word' id='word_1_334' title='bbox 1033 4156 1062 4201; x_wconf 88' lang='grc' dir='ltr'>ι</span> <span class='ocrx_word' id='word_1_335' title='bbox 1069 4150 1136 4221; x_wconf 89' lang='grc'><strong>5</strong></span> <span class='ocrx_word' id='word_1_336' title='bbox 1195 4136 1302 4200; x_wconf 90' lang='lat' dir='ltr'>De</span> <span class='ocrx_word' id='word_1_337' title='bbox 1327 4133 1551 4200; x_wconf 82' lang='lat' dir='ltr'>iisdem</span> <span class='ocrx_word' id='word_1_338' title='bbox 1573 4130 1929 4221; x_wconf 77' lang='lat' dir='ltr'>Vestalibus</span> <span class='ocrx_word' id='word_1_339' title='bbox 1955 4142 2305 4213; x_wconf 81' lang='lat' dir='ltr'>earumque</span> <span class='ocrx_word' id='word_1_340' title='bbox 2420 4222 2437 4237; x_wconf 53' lang='lat'><strong>·</strong></span> 
     </span>
    </p>
   </div>
   <div class='ocr_carea' id='block_1_8' title="bbox 251 4218 2303 4325">
    <p class='ocr_par' dir='ltr' id='par_1_10' title="bbox 251 4218 2303 4325">
     <span class='ocr_line' id='line_1_39' title="bbox 251 4218 2303 4325; baseline -0.007 -18"><span class='ocrx_word' id='word_1_341' title='bbox 251 4242 454 4324; x_wconf 71' lang='lat' dir='ltr'>caussa,</span> <span class='ocrx_word' id='word_1_342' title='bbox 472 4239 649 4311; x_wconf 81' lang='lat' dir='ltr'>Livii</span> <span class='ocrx_word' id='word_1_343' title='bbox 675 4218 1085 4325; x_wconf 80' lang='lat' dir='ltr'>Epitomator</span> <span class='ocrx_word' id='word_1_344' title='bbox 1113 4224 1391 4303; x_wconf 88' lang='lat' dir='ltr'><strong>LXIII.</strong></span> <span class='ocrx_word' id='word_1_345' title='bbox 1424 4228 1569 4305; x_wconf 91' lang='lat' dir='ltr'>Dio</span> <span class='ocrx_word' id='word_1_346' title='bbox 1581 4232 1821 4301; x_wconf 82' lang='lat' dir='ltr'>Caflius</span> <span class='ocrx_word' id='word_1_347' title='bbox 1842 4232 2139 4317; x_wconf 82' lang='lat' dir='ltr'>Excerpt.</span> <span class='ocrx_word' id='word_1_348' title='bbox 2166 4229 2303 4296; x_wconf 85' lang='lat' dir='ltr'>Va·</span> 
     </span>
    </p>
   </div>
  </div>
 </body>
</html>
