2850 4817
500 243 577 353 ss
776 295 856 355 D.
890 266 997 352 ‘w.
1036 291 1429 352 ANIMADV.
1471 293 1562 351 1N
1601 293 2072 352 PLUTAncm
2112 293 2274 353 mn.

494 455 582 521 est
604 451 865 541 Ζωπύρου
890 452 911 516 ι’
934 453 1231 560 Θησηΐδος,
1257 470 1395 518 non.
1414 452 1623 540 magis
1651 452 1810 518 certi
1837 475 2031 540 quam
2057 451 2326 518 aliorum
2349 451 2414 517 in
2439 451 2590 518 hoc·

494 557 711 622 libello
755 556 1120 640 citatorum.
1168 549 1413 622 Quod
1443 567 1664 620 autem
1694 555 1866 642 apud
1896 554 2398 620 Valckenarium
2429 553 2584 619 edi-

496 679 607 726 tur
646 659 867 747 στςόφῳ
908 659 1001 722 τὸν
1042 657 1163 738 βίον
1203 655 1612 746 περιέγροέψε,
1597 681 1665 722 ιιι
1706 657 1918 722 Grotii
1956 657 2306 744 exemplari
2334 657 2586 744 legitur

494 763 693 852 βρόχῳ
718 788 775 825 τ.
805 764 869 840 β.
900 787 965 825 π.

581 865 685 932 λε’.
731 884 882 952 314.
928 865 1041 950 C.]
1092 867 1381 930 Romana
1418 887 1520 954 res
1560 865 1771 930 rursus
1811 886 1975 929 nova
2023 877 2089 928 et
2133 863 2438 944 inaudita,
2495 863 2584 930 de

496 969 948 1058 Lupercalium
977 967 1241 1056 origine
1286 982 1353 1034 et
1397 971 1694 1055 Luperca
1737 968 1892 1033 dea.
1939 991 2083 1055 quae
2129 968 2462 1055 significari
2509 967 2579 1033 in

392 1067 397 1072 ”
496 1075 623 1138 hac
660 1071 1134 1142 narratiuncula
1176 1071 1497 1137 videntur.
1587 1071 1763 1136 Huic
1802 1085 2052 1158 poterat
2097 1067 2310 1136 nobile
2352 1093 2581 1136 exem-

500 1176 683 1264 plum
738 1175 976 1262 apponi
1032 1175 1413 1262 Iphigeniae.
1501 1162 1673 1238 Nam
1733 1173 1813 1239 de
1875 1166 2146 1239 Helenae
2203 1172 2586 1261 hujusmodi

498 1271 709 1344 eauss'a
736 1277 825 1343 nil
857 1277 923 1342 in
963 1276 1200 1342 fabulis
1240 1276 1572 1365 proditum
1595 1276 1794 1341 fuiss'e
1834 1273 2121 1352 videtur3
2165 1277 2317 1341 licet
2361 1279 2584 1363 Lyco-

493 1379 759 1469 phronis
787 1380 852 1444 in
881 1377 1245 1446 Alexandra
1274 1381 1440 1445 werf.
1477 1399 1623 1447 102.
1653 1379 1770 1445 ubi
1799 1379 2118 1444 Helenam
2147 1379 2306 1445 dicit
2333 1367 2582 1464 ἅνυμῲον
2645 1413 2653 1418 ·

494 1480 703 1570 τᾶρι’-ιν,
753 1482 884 1547 huc
934 1481 1213 1570 spectare
1264 1494 1454 1568 putet
1495 1481 1836 1561 Meurfius,
1883 1493 1953 1546 et
1995 1481 2153 1546 item
2198 1481 2574 1568 opinionem

494 1585 672 1650 suam
702 1594 973 1671 reponat
1000 1582 1067 1648 in
1099 1581 1372 1648 Miscell.
1403 1585 1646 1648 Lacon.
1674 1584 1764 1647 II.
1794 1585 1894 1647 16.
1919 1605 1985 1670 p.
2018 1599 2164 1668 175.
2227 1583 2425 1670 Quod
2454 1607 2577 1648 no-

497 1687 598 1754 bis
643 1684 907 1773 quidem
938 1708 1067 1750 non
1099 1686 1427 1772 probatur.
1517 1688 1614 1750 Ex
1641 1683 1882 1750 diverso
1908 1683 2174 1770 hujusce
2203 1697 2419 1750 tamen
2456 1688 2578 1750 Pa·

497 1788 865 1854 rallelorum
907 1787 1110 1853 libelli
1146 1788 1510 1876 exemplare
1547 1788 1796 1854 videtur
1821 1787 2058 1852 fluxifl'e
2085 1786 2298 1854 fabula
2326 1803 2582 1854 narrata

497 1891 567 1957 in
610 1891 870 1957 Tzetzae
914 1891 1379 1957 commentario
1416 1892 1500 1957 ad
1529 1891 1858 1979 Lycophr.
1888 1891 2043 1956 vers.
2081 1909 2226 1976 132.
2259 1889 2339 1955 de
2369 1891 2576 1956 Hele·

498 2017 583 2060 na
612 2017 651 2058 a
681 1986 903 2058 Paride
932 2009 1113 2080 rapta
1140 1993 1385 2059 interea
1420 1994 1576 2059 dum
1608 1992 1948 2058 Menelaus
1993 1993 2232 2058 oraculi
2264 1991 2464 2080 juffu,
2495 1993 2578 2060 ab

498 2088 781 2162 exercitu
828 2096 910 2160 ad
952 2095 1211 2186 Trojam
1261 2096 1543 2176 sedente,
1597 2098 1888 2183 Spartam
1940 2095 2290 2182 profectuS,
2330 2097 2572 2162 'sacrifi-

494 2198 672 2264 cium
716 2212 1107 2288 patraret--.
1196 2204 1409 2283 Λοιμοῦ
1453 2201 1508 2263 δὲ
1554 2199 1942 2284 κατασχόντος
1978 2199 2442 2280 Λακεδαιμονίους
2482 2201 2578 2264 καὶ

492 2302 903 2386 μαντευομένων
946 2302 1181 2390 ἔχρησεν
1220 2309 1257 2366 δ’
1278 2295 1585 2367 Ἀπόλλωιν
1629 2303 1736 2378 θεὸς
1776 2307 1852 2385 μὴ
1895 2303 2154 2379 παυθῆναι
2182 2302 2276 2365 τὸν
2311 2304 2504 2385 λοιμὸν
2532 2307 2576 2365 εἰ

494 2409 573 2486 μὴ
615 2407 829 2490 εὖγενῆς
868 2402 1307 2487 Λακεδαιμονίων
1342 2403 1589 2468 ἀπελθὼν
1632 2407 1685 2466 ἐν
1726 2409 1792 2490 τῇ
1834 2403 2012 2491 Τροίᾳ
2051 2403 2197 2468 θύσω
2233 2407 2345 2476 τοῖς
2383 2403 2581 2484 τάφοις

496 2511 696 2570 αὐτῶν·
730 2531 789 2568 κ.
818 2530 877 2568 τ.
906 2519 970 2568 λ.
1003 2493 1149 2568 satis
1178 2505 1259 2569 est
1288 2505 1661 2570 documenti
1692 2505 1757 2569 in
1782 2503 2189 2570 similitudine
2211 2506 2574 2586 verborum,

498 2605 875 2673 narrationis
902 2605 1194 2692 quamvis
1216 2609 1660 2694 praeposterae.·
1720 2607 1830 2671 Ab
1871 2606 2100 2671 eodem
2135 2589 2396 2673 exordio
2422 2630 2578 2696 pro-

496 2709 702 2774 faetus
746 2708 1043 2774 Stobaeus
1088 2708 1257 2774 Flor.
1301 2709 1432 2776 Tit.
1474 2711 1632 2774 V11.
1674 2731 1741 2796 p.
1779 2729 1900 2796 93:
1950 2713 2160 2792 Λοιμοῦ
2190 2709 2582 2796 κατασχόντος

496 2815 593 2888 τὴν
621 2809 1016 2894 Λακεδαίμονα
1046 2811 1317 2876 tranfit
1298 2835 1365 2876 in
1405 2812 1834 2876 narrationem
1871 2810 1952 2877 de
1991 2807 2141 2875 Buli
2175 2824 2247 2876 et
2281 2811 2580 2898 Sperthie

498 2912 777 3008 cognitis
820 2935 899 2977 ex
941 2912 1281 2978 Herodoto
1310 2916 1466 2980 VII.
1505 2933 1648 2999 134.
1683 2914 1855 3000 seq..
1903 2913 2231 2978 auctorem
2269 2913 2580 3000 professus

492 3019 606 3080 Ἐκ
632 3023 740 3081 τῶν
771 3015 1030 3094 Θησέως.
1096 3005 1222 3081 De
1249 3017 1550 3103 usurpata
1576 3039 1615 3080 a
1643 3015 1967 3103 Spartanis
1999 3015 2306 3102 religione
2338 3015 2580 3080 huma-

496 3142 727 3184 narum
776 3117 1179 3183 vietimarum
1223 3141 1301 3184 ex
1342 3117 1746 3206 Apollodoro
1793 3118 1990 3182 refert
2032 3117 2422 3206 Porphyrius
2471 3119 2580 3182 De

498 3218 747 3283 Abstin.
782 3219 875 3281 II.
904 3229 1015 3301 55.

581 3319 697 3394 λς’.
728 3311 879 3404 314.
911 3319 1019 3403 Ε.]
1070 3318 1328 3382 Romuli
1370 3331 1440 3384 et
1485 3317 1668 3387 Remi
1714 3317 2050 3406 negotium
2096 3317 2338 3386 nemini
2382 3317 2580 3404 igno-

496 3434 679 3488 tum:
727 3433 975 3502 contra,
1020 3423 1323 3505 Graecum
1370 3421 1523 3487 alibi
1566 3443 1696 3486 non
1730 3421 2042 3508 legimus:
2091 3420 2396 3507 Nyffl'mus
2429 3418 2578 3506 qui-

499 3525 646 3609 dem
699 3537 767 3590 et
807 3526 1161 3612 Parrhasius
1205 3524 1458 3612 prodita
1499 3524 1568 3589 in
1610 3523 1941 3589 Arcadicis
1986 3524 2270 3589 nomina.
2362 3524 2482 3586 Pro
2522 3527 2576 3586 ἐν

493 3627 709 3714 Ἰουλίᾳ
745 3627 1080 3716 Anonym.
1107 3639 1177 3694 et
1206 3629 1500 3714 Bryanus
1529 3625 1613 3690 ad
1637 3626 1776 3692 Vit.
1812 3625 2138 3690 Plutarch.
2169 3627 2247 3690 T.
2281 3626 2337 3688 Ι.
2367 3647 2434 3711 Ρ.
2467 3640 2580 3708 72.

339 3779 363 3790 ,
495 3691 886 3818 οοπῐὲιιιιῑῆ
913 3729 1131 3796 Ἰλίαν·
1178 3729 1353 3795 idem
1394 3733 1658 3803 Φαυστος
1701 3727 1767 3792 in
1810 3727 2146 3803 Φαυστυλος
2187 3726 2578 3792 mutandum

496 3846 744 3898 monet.
850 3854 867 3860 ‘

580 3932 721 4015 λζ’.
732 3957 800 4023 p.
839 3951 993 4022 315
1034 3934 1096 3999 A
1106 3936 1153 4019 .]
1204 3935 1510 3999 Graecum
1554 3947 2035 4020 argumentum,
2081 3931 2574 4019 pervulgatum.

494 4037 829 4118 Latinum,
858 4035 1243 4100 inauditum.

524 4169 533 4173 ·
579 4135 693 4218 λη’.
721 4154 871 4226 315.
900 4139 1013 4222 Ε.]
1044 4137 1361 4203 Hercules
1389 4135 1541 4202 ἔθυσε
1568 4137 1660 4201 τὸν
1688 4137 1967 4224 Βούσιριν,
1997 4150 2073 4202 ut
2101 4135 2188 4202 est
2213 4133 2388 4221 apud
2420 4133 2577 4198 Plu-

496 4238 789 4304 tarchum
826 4240 893 4306 in
922 4239 1168 4306 Theseo
1196 4260 1263 4325 Ρ.
1292 4253 1359 4326 5.
1391 4239 1471 4306 Β.
1504 4239 1843 4306 decantata
1883 4237 2140 4320 fabula;
2189 4236 2342 4324 Quis
2383 4233 2574 4300 illau-
2652 4253 2668 4264 ‘
