2850 4817
102 3746 108 3801 Ι

102 3936 108 4011 Ι

104 4108 110 4149 ι

104 4184 110 4241 l

535 368 650 458 ψη
810 365 891 425 D.
933 360 1032 423 w,
1073 352 1471 433 mmmm
1510 354 1604 420 m
1642 354 2118 421 rma-Ancm
2158 354 2318 419 m.

530 528 728 611 πρῶτα
752 522 958 587 λεπτά·
987 521 1084 586 καὶ
1103 520 1168 585 τὸ
1193 519 1252 583 ἓν
1273 524 1483 605 πρῶτον
1500 517 1699 581 λεπτὸν
1724 518 2008 604 διαιρῆται
2024 519 2105 591 213
2128 515 2389 595 ἃξῆκοπα
2404 513 2579 595 πίλα,

532 624 579 701 ἃ
615 628 874 691 καλεῖται
909 622 1130 709 δεύτερα
1169 619 1461 689 λεπτά-
1508 617 1821 685 Firrnicus
1862 618 2205 688 Maternus
2236 616 2577 692 Astronom.

442 804 446 813 ι
535 726 627 789 11.
645 740 686 810 5
707 748 725 789 2
755 722 1022 813 Singula
1026 724 1241 809 figna,
1262 719 1480 785 XXX
1486 732 1692 809 partes
1722 719 1965 785 babent.
2030 716 2149 806 Est
2172 728 2367 783 autem
2378 732 2514 809 pars
2532 718 2586 783 in

511 828 696 913 figno
738 836 940 889 tantus
977 822 1150 903 locus,
1191 834 1482 911 quantum
1523 821 1679 889 Solis
1722 832 1829 886 aut
1866 821 2069 887 Lunae
2098 820 2253 885 orbis
2279 820 2343 885 in
2370 818 2589 889 circuitu

537 924 957 1015 complefiitur.
1047 925 1173 991 Sed
1207 948 1328 989 una
1360 938 1511 1013 pars
1553 922 1619 987 in
1660 921 1891 987 minuta‘
1932 921 2236 987 dividitur
2255 920 2587 1009 sexaginta,

537 1028 696 1116 etsie
722 1029 1008 1117 deinceps.
1099 1031 1174 1093 In
1219 1026 1449 1093 eodem
1490 1038 1902 1113 argumente,
1933 1024 2212 1111 partium
2251 1022 2586 1089 divisionem

540 1129 608 1197 in
655 1130 984 1219 sexaginta
1029 1129 1284 1195 minuta
1331 1127 1581 1194 omittit
1626 1127 2015 1193 Censorinus
2062 1127 2169 1193 De
2218 1122 2350 1191 Die
2396 1124 2591 1190 Natali

538 1232 695 1297 VII.
734 1253 801 1318 p.
830 1246 940 1317 37.
987 1230 1101 1297 ubi
1139 1230 1302 1295 alios
1336 1229 1531 1295 etiam
1573 1228 1783 1315 hujus,
1813 1228 2035 1315 placiti
2070 1228 2255 1293 testeo
2286 1226 2440 1291 citat
2462 1248 2587 1293 eru-

542 1330 876 1399 ditiffimus
894 1329 1437 1417 Lindenbrogius.
1482 1326 1678 1417 Quod
1694 1339 1919 1395 autem
1933 1327 2223 1415 Squirius
2244 1328 2425 1409 dicit,
2447 1328 2589 1395 “Ad

542 1437 590 1472 “
625 1454 762 1499 rem
808 1429 1221 1511 Censorinus,
1259 1432 1366 1497 Est
1405 1442 1627 1497 autem
1662 1429 1774 1495 hic
1808 1452 2113 1506 numerus
2142 1431 2591 1520 (sexagenarius

546 1539 594 1576 “
626 1533 788 1618 scil.)
867 1532 1220 1620 Astrologis
1269 1532 1483 1619 prima
1524 1532 1843 1611 mensura,
1886 1554 2083 1619 quem
2128 1533 2341 1599 τέλειον
2382 1534 2593 1614 Graeci,

544 1643 595 1677 “
626 1658 745 1702 nos
783 1635 1141 1723 perfeetum
1182 1656 1483 1701 vocamus
1502 1635 1573 1714 ;''·
1617 1634 1705 1699 est
1732 1635 1875 1701 sane
1904 1656 1945 1699 a
1968 1656 2038 1701 re
2066 1634 2391 1702 alienum:
2430 1638 2597 1703 verba

543 1739 690 1805 haec
732 1740 879 1803 sunt
929 1736 1265 1803 Censorini
1313 1738 1441 1801 XI.
1487 1757 1555 1822 p.
1592 1755 1703 1823 49.
1758 1735 1871 1801 ubi
1916 1757 2046 1801 non
2091 1735 2175 1801 de
2216 1737 2597 1825 sexagenario

543 1842 690 1907 LX.
721 1840 830 1909 sed
847 1839 950 1905 -de
975 1839 1220 1908 senario
1248 1840 1370 1905 VI.
1401 1838 1639 1925 agitur.
1726 1838 1943 1907 Aliam
1976 1837 2251 1906 caussam
2279 1839 2596 1912 sanfflmo-

540 1941 672 2031 niae
721 1941 919 2031 hujus
967 1939 1651 2028 numerifiuignefius
1700 1940 1833 2024 (De
1887 1939 2209 2027 Guignes)
2242 1940 2491 2029 repetit
2531 1962 2599 2007 ex

548 2044 759 2133 Cyclo
774 2046 911 2110 'LX
937 2043 1305 2111 Sinenfibus
1332 2056 1403 2108 et
1427 2042 1759 2131 AEgyptiis
1802 2042 2021 2110 cultoz
2068 2043 2149 2108 de
2178 2066 2311 2131 quo
2342 2043 2602 2112 videatur

547 2147 614 2217 in
641 2147 980 2215 Memor-iis
1008 2146 1328 2213 Academ.
1359 2146 1658 2232 Inscript.
1688 2147 1879 2233 Tom.
1907 2146 2187 2213 XLVII.
2216 2167 2286 2233 p.
2309 2162 2458 2233 357.
2520 2177 2531 2185 -

631 2250 785 2337 381.
821 2248 905 2313 C.
935 2249 1002 2311 δι’
1030 2247 1344 2335 ἀμφότερα]
1395 2246 1550 2313 Vid.
1581 2268 1651 2333 Ρ.
1674 2248 1828 2333 380.
1863 2249 1945 2313 Ε.
1976 2248 2087 2313 fin.

631 2353 787 2439 381.
823 2350 905 2415 C.
934 2349 1056 2438 mg}
1082 2350 1184 2433 μὲν
1209 2355 1308 2413 τοῦ
1337 2350 1518 2434 κυνὸς]
1566 2369 1633 2435 p.
1662 2364 1815 2436 355.
1846 2350 1923 2415 Β.
1966 2351 2121 2435 365.
2154 2351 2227 2416 F.

567 2524 572 2531 .
630 2455 784 2540 381.
827 2450 911 2532 C,
941 2452 1031 2516 D.
1075 2457 1107 2529 ἡ
1151 2452 1207 2515 δὲ
1246 2449 1883 2538 ἵβις-ἀμφίκυρτον.],
1921 2450 2055 2517 Ibis
2084 2452 2409 2539 serpen-tes
2436 2464 2502 2517 et
2524 2450 2600 2519 le-

550 2553 740 2623 tifera
763 2551 1016 2639 reptilia
1043 2552 1343 2631 conficit3
1381 2550 1561 2637 quod
1590 2551 1854 2618 tradunt
1884 2552 2123 2627 Cicero,
2146 2554 2310 2618 Nat.
2339 2553 2534 2620 Deor.
2558 2555 2601 2618 l.

547 2656 659 2742 36.
705 2655 797 2720 Π.
827 2673 938 2738 5ο.
1011 2653 1287 2721 Diodor.
1319 2654 1451 2719 Sic.
1483 2657 1542 2719 Ι.
1573 2656 1680 2740 87.
1724 2656 2148 2743 -Pornponius
2188 2655 2375 2731 Mela
2405 2657 2526 2721 111.
2552 2658 2601 2729 8.

463 2781 472 2795 ·
551 2755 792 2836 Plinius
823 2757 916 2829 H.
947 2756 1038 2819 N.
1066 2756 1154 2820 X.
1182 2774 1293 2838 40.
1323 2755 1457 2835 alii,
1487 2778 1650 2843 quos
1676 2755 1767 2830 ibi
1794 2756 2015 2829 laudat
2043 2757 2449 2826 HarduinuS.
2502 2760 2602 2823 Ea-

548 2859 701 2929 dem
727 2858 792 2929 se
818 2858 966 2924 cibo
995 2871 1323 2925 oneratam
1355 2871 1581 2925 vacuat
1610 2859 1909 2947 pei-luens
1939 2850 2154 2937 alvum
2182 2861 2383 2927 rostro
2406 2861 2473 2933 in
2496 2859 2605 2947 ejus,

550 2960 780 3041 ostium
808 2960 1066 3042 inserto,
1090 2961 1309 3048 itaque
1341 2962 1692 3049 AEgyptios
1719 2961 1999 3051 clysteris
2023 2963 2340 3034 rationem
2372 2962 2602 3029 docuit:

552 3065 815 3136 testibus
870 3063 1076 3131 Plinio
1130 3066 1223 3129 H.
1276 3067 1367 3130 N.
1437 3067 1631 3131 vm.
1669 3086 1781 3149 41.
1818 3052 1827 3057 ’
1866 3066 2208 3133 Plutarcho
2249 3067 2356 3133 De
2401 3065 2599 3135 solem

551 3171 688 3237 An.
730 3186 978 3255 p.=974.
1016 3166 1097 3231 C.
1168 3166 1435 3234 AEliano
1472 3168 1630 3233 Nat.
1672 3169 1807 3234 An.
1850 3169 1943 3232 II.
1968 3184 2081 3255 35.
2126 3191 2245 3235 nec
2286 3168 2399 3234 nifi
2436 3191 2600 3235 mun-

553 3269 705 3335 dam
732 3282 800 3335 et
828 3268 1148 3357 integram
1178 3291 1414 3357 aquam
1444 3270 1528 3336 ad
1564 3268 1751 3335 usum
1778 3270 2068 3351 adhibet,
2098 3272 2273 3359 quod
2299 3272 2461 3339 item
2489 3292 2601 3337 nar-

554 3381 656 3439 rat
683 3369 978 3437 AElianus
1007 3370 1101 3447 N.
1131 3371 1221 3437 A.
1253 3372 1341 3437 X.
1375 3391 1482 3459 29.
1521 3368 1799 3460 Figurae
1828 3372 2301 3439 similitudinem
2332 3396 2491 3441 eum
2523 3371 2602 3439 tri-

555 3470 798 3559 angulo
837 3471 1186 3558 aequalium
1227 3472 1503 3541 laterum
1542 3487 1729 3539 notat
1768 3472 1901 3559 ipse
1931 3472 2307 3541 Plutarchus
2336 3470 2601 3561 Sympos

558 3572 678 3638 IV.
705 3588 776 3659 5.
806 3593 872 3658 Ρ.
895 3574 1046 3658 670.-
1071 3574 1173 3641 C.
1217 3578 1362 3638 ποιεῖ
1383 3576 1439 3637 δὲ
1414 3581 1535 3661 evj
1560 3582 1671 3641 τῶν
1695 3577 1926 3639 ποδῶν’
1896 3563 2175 3639 αποτίισει-
2194 3575 2323 3661 πρὸς
2352 3576 2601 3655 ἀλλήλους

555 3673 654 3739 καὶ
691 3675 821 3762 πρὸς
856 3675 922 3739 τὸ
964 3676 1203 3763 ῥύγχος,
1249 3677 1563 3763 ισόπλευρον
1603 3676 1889 3764 τρίγωνον.
1982 3678 2340 3744 pennarum
2370 3677 2602 3741 varietas
2637 3685 2644 3692 ’

557 3773 712 3847 est,
694 3796 762 3839 m
819 3774 1021 3842 altero
1072 3776 1326 3846 Ibidum
1381 3790 1452 3843 et
1506 3778 1720 3843 cicure
1772 3799 2035 3866 genere,
2080 3791 2159 3857 ut
2209 3776 2507 3843 novimus
2544 3791 2601 3837 ex

434 3954 439 3987 Ι
557 3876 905 3953 Herodoto
937 3879 1026 3943 II.
1050 3880 1156 3964 76.
1190 3878 1386 3967 hujus
1409 3892 1631 3945 autem
1661 3878 1979 3947 varietatis
2008 3876 2521 3952 accommodatio
2541 3868 2601 3937 ad

558 3978 1036 4047 similitudinem
1081 3983 1285 4047 Lunae
1328 3982 1697 4067 ἀμφικύρτου,
1740 3980 1785 4046 i.
1812 4004 1878 4047 e.
1908 3988 2013 4045 nec
2036 3980 2237 4069 plenae
2262 4004 2367 4045 nec
2394 3974 2599 4045 dmdi·

559 4093 710 4161 21ae,
735 4081 832 4149 ita
855 4082 1030 4149 enim
1054 4084 1180 4149 hoc
1207 4106 1443 4149 nomen
1466 4085 1806 4171 usurpatur
1824 4106 1865 4149 a
1885 4082 2230 4149 Plutarcho
2250 4104 2318 4170 p.
2344 4082 2520 4155 1028.
2534 4078 2599 4143 D.

561 4204 952 4271 quamquam
989 4186 1072 4251 ab
1105 4186 1228 4253 hac
1263 4184 1461 4253 etiam
1487 4188 1781 4268 μηνοειδὴς,
1807 4184 2085 4271 falcata,
2111 4184 2526 4273 distinguitur,
2549 4199 2598 4264 P·

103 4244 116 4554 ἱ
570 4299 715 4371 157.
748 4286 820 4354 Β.
867 4307 1018 4375 930.
1043 4290 1124 4355 E.
1163 4307 1315 4376 931.
1345 4286 1432 4355 A.
1460 4288 1605 4353 haec
1632 4289 1777 4379 sane
1807 4287 2206 4375 comparatio
2233 4288 2319 4353 est
2346 4282 2596 4374 γλισχρὰ,
