2850 4817
518 331 629 372 120
708 311 785 370 D.
816 310 913 370 W.
942 309 1169 370 ANIM.
1198 310 1289 370 IN
1313 309 1547 368 PLUT.
1575 309 1733 368 LIB.
1758 308 1871 368 DE
1899 307 2140 367 ALEX.
2165 323 2391 408 5333.
2419 307 2498 367 C.
2781 340 2783 432 A

512 470 747 536 vehere·
779 469 1095 536 volentem
1125 465 1620 556 Weffelin'gium
1648 489 1767 556 pro
1781 467 1849 532 ἔν
1877 492 1982 532 τινι
2007 467 2192 556 χρόνῳ
2219 465 2506 554 legendo
2541 471 2606 530 ἂν

504 572 811 660 χορτάνου,
842 593 972 634 non
1002 591 1351 635 moramur.
2061 567 2068 574 ’

592 692 749 761 332.
779 675 851 738 F.
898 672 1143 760 καθάπερ
1184 671 1558 757 τινὰ·γένεσιν
1594 672 1774 760 τύχης
1812 673 2138 757 βασιλικῆς]
2189 669 2318 737 Vix
2357 669 2596 735 sanum

511 777 599 842 est
625 773 859 860 γένεσιν·
908 773 975 838 in
1004 786 1289 839 mentem
1320 773 1485 838 mihi
1511 773 1686 840 venit
1710 773 2016 859 γύμνωσιν·
2065 795 2184 838 nee
2211 772 2596 859 improban-

513 878 671 943 dum
718 875 946 943 Re'itkii
988 875 1226 958 νέμεσιν.
1312 878 1417 941 De
1460 898 1530 941 re
1565 889 1779 941 narrat
1816 874 2192 940 Plutarchus
2218 873 2358 940 vit.
2391 873 2593 940 Alex.

512 1003 583 1070 p.
611 983 761 1066 690.
788 981 842 1044 B
866 1005 883 1045 ε
926 976 1286 1067 Ἀλέξανδρος
1314 981 1369 1043 δὲ
1394 982 1466 1054 ὥς
1492 979 1736 1058 ἐπῆλθεν,
1761 984 1956 1063 ἀλγῶν
1981 1003 2044 1043 τε
2069 983 2151 1062 τῷ
2176 977 2330 1042 πάθει
2363 982 2597 1068 φανερὸς

516 1081 577 1162 ἦν
616 1083 713 1146 καὶ
755 1085 850 1162 τὴν
893 1087 1087 1146 ἑαυτοῦ
1119 1081 1403 1168 χλαμύδα
1441 1081 1617 1158 λύσας
1647 1081 1916 1162 ἐπέβαλεν
1943 1084 2024 1166 τῷ
2051 1079 2274 1164 σώματι
2303 1081 2401 1144 καὶ
2428 1107 2592 1169 περι-

518 1183 783 1253 ίστειλεν.
1587 1193 1596 1202 ’

599 1304 682 1372 33
693 1304 753 1353 2.
775 1287 847 1350 F.
876 1282 1309 1371 Ἡφαιστίωνος]
1336 1284 1494 1352 Vita
1511 1284 1700 1349 Alex.
1719 1305 1784 1370 p.
1801 1283 1951 1348 688.
1971 1284 2058 1348 A.
2088 1283 2592 1371 Apophthegm.

516 1411 584 1476 p.
620 1389 765 1453 180.
794 1389 885 1480 D.
931 1389 1044 1453 ubi
1086 1389 1172 1453 est
1212 1383 1399 1476 dio-ng
1442 1387 1632 1468 εἰώθει,
1663 1375 1839 1476 qued
1867 1389 1994 1454 hoc
2023 1387 2168 1454 loco
2195 1392 2266 1464 ὥς
2295 1389 2466 1474 ἔτυχε
2493 1391 2596 1453 καὶ

518 1494 731 1571 ἅπλῶς,
749 1488 922 1577 forte
964 1501 1023 1554 et
1034 1488 1432 1576 fimpliciter:
1475 1493 1667 1564 ἁπλῶς
1709 1514 1821 1554 non
1862 1490 1936 1554 de
1973 1489 2286 1578 indzgstria,
2314 1515 2420 1555 nec
2447 1503 2598 1555 certo

519 1593 771 1681 quodam
810 1591 1059 1679 corfilio,
1100 1591 1207 1657 sed
1250 1591 1712 1658 consuetudine
1751 1591 1986 1658 tacitaz
2038 1593 2122 1659 de
2164 1616 2292 1680 qua
2329 1594 2597 1660 notione

520 1692 816 1782 quaedam
843 1694 1289 1760 annotavimus
1316 1695 1504 1782 supra
1527 1694 1790 1760 alic'ubi.

560 1823 565 1830 ·
606 1816 675 1882 p.
715 1815 844 1883 333
857 1842 873 1861 .
912 1797 1001 1861 A.
1047 1797 1352 1882 Σωκράτης
1393 1796 1660 1882 ἠνέσχετο
1699 1796 2150 1882 συγκοιμηθέντος
2189 1798 2586 1884 Ἀλκιβιάδου]

526 1895 708 1967 Plato
736 1899 1030 1985 Sympos.
1063 1918 1130 1985 p.
1150 1919 1303 1986 334.
1328 1899 1415 1962 G.
1480 1899 1811 1987 Diogenes
1841 1901 2056 1964 Laert.
2090 1902 2178 1965 II.
2202 1920 2311 1986 31.
2369 1902 2594 1988 Nepos

522 1998 742 2064 Alcib.
772 2002 863 2066 ΙΙ.
936 2003 1058 2066 Pro
1098 1999 1363 2088 ἠνέσχετο
1406 2001 1640 2067 Junius
1679 1993 1924 2067 notavit
1949 1992 2258 2090 ἀπέσχετο·
2305 2024 2435 2089 quo
2459 1997 2594 2068 'non

524 2124 693 2189 opus
720 2103 832 2167 est.

606 2223 760 2291 333.
790 2206 877 2269 Α.
904 2205 1231 2290 Φιλόξενος]
1267 2205 1594 2271 Plutarch.
1624 2206 1762 2274 Vit.
1790 2205 1979 2271 AleX.
2011 2205 2257 2294 p.·676.
2290 2208 2360 2272 F.
2425 2206 2593 2273 Adv-

523 2306 783 2392 Epicur.
813 2327 884 2393 p.
916 2327 1101 2395 1099.
1134 2309 1215 2374 C.
1307 2309 1514 2372 Usum
1549 2307 1877 2394 particulae
1911 2307 2000 2372 ἵνα
2029 2309 2388 2374 notavimus
2415 2309 2497 2374 ad
2524 2331 2592 2397 p.

606 2527 759 2595 333.
784 2509 861 2573 B.
892 2508 1263 2595 Ξενοκράτην]
1296 2508 1599 2576 Diximus
1627 2510 1827 2576 modo
1854 2533 1922 2598 p.
1941 2531 2094 2598 331.
2127 2512 2206 2574 E.

610 2629 733 2695 333
747 2657 763 2674 .
804 2610 879 2675 Β.
925 2616 1102 2674 Τοῦτο
1146 2611 1385 2686 ποσάκις
1432 2613 1790 2701 Ἀλέξανδρος
1828 2613 2078 2699 εἶπε-3]
2125 2612 2304 2702 Quid
2331 2611 2495 2679 illud
2521 2615 2598 2680 fit

526 2710 701 2798 quod
732 2710 985 2790 dixerit,
1016 2710 1252 2776 excidit
1280 2735 1360 2778 ex
1387 2713 1604 2780 libris:
1651 2727 1726 2780 ut
1753 2714 2055 2802 pleraque
2084 2715 2238 2780 hinc
2265 2713 2346 2778 ad
2381 2715 2596 2780 finem.

610 2833 762 2900 333.
798 2813 879 2878 C.
907 2819 1061 2898 παρὰ
1087 2820 1164 2878 τὰ
1192 2815 1452 2898 &ava—J
1483 2816 1866 2882 Notavimus
1893 2836 1961 2903 p.
1990 2831 2135 2902 172.
2165 2819 2236 2882 F.

610 2936 764 3003 333.
798 2917 879 2982 C.
910 2917 1012 2993 Εἲς
1038 2919 1323 3006 niumag—J
1378 2917 1561 2983 Iliad.
1590 2925 1684 2983 Μ.
1711 2939 1859 3004 243.

80 3071 133 3117 f
248 3057 315 3125 st
609 3039 762 3106 333.
789 3021 870 3086 C.
904 3019 1093 3106 Πέρας
1120 3020 1221 3104 μέν
1251 3024 1423 3109 ἔστιν]
1461 3021 1914 3086 Demosthenis
1943 3021 2056 3088 Or.
2092 3020 2499 3096 -Pr‘qurom
2529 3043 2596 3108 p.

68 3133 296 3241 Qss‘ssv
328 3101 451 3246 ἑο)
532 3123 678 3213 326.
716 3121 797 3185 C.
862 3120 1247 3186 Notavimus
1276 3122 1460 3208 supra
1488 3144 1556 3208 p.
1587 3123 1732 3213 166.
1765 3124 1836 3186 F.
2349 3145 2354 3152 ·

612 3240 765 3307 333.
798 3220 881 3286 C.
918 3220 1281 3308 Θουκυδίδης]
1336 3225 1425 3286 11.
1459 3223 1564 3307 87.
1633 3221 1730 3288 Ut
1765 3223 1879 3287 suo
1914 3221 2120 3287 utitur
2148 3221 2404 3287 Solinus
2434 3223 2597 3309 Cap.

530 3324 586 3387 I.
621 3343 688 3408 p.
721 3323 785 3386 8.
817 3322 898 3387 C.
986 3324 1347 3388 Memoriam
1387 3338 1572 3389 metus
1611 3325 1886 3412 perimit.-
1929 3338 2006 3389 ut
2049 3325 2359 3414 sententia
2395 3325 2602 3391 aliena

530 3423 821 3492 Achilles
836 3425 1069 3490 Tatius
1098 3427 1262 3491 Hist.
1292 3429 1516 3494 Amat.
1547 3429 1703 3493 VII.
1737 3449 1802 3514 p.
1831 3449 1953 3511 441
1985 3452 2001 3492 ε
2047 3429 2283 3506 Ἀληθὴς
2325 3428 2382 3491 δέ
2423 3432 2598 3506 ἐστιν,

528 3529 600 3601 οὖς
624 3525 810 3606 ἔοικεν,
843 3531 869 3591 ὅ
898 3527 1091 3614 λόγος,
1120 3527 1201 3592 ὅτι
1227 3530 1440 3614 μνήμην
1467 3531 1798 3610 ἐκπλήσσειν
1824 3530 2057 3614 πέφῡκεν
2085 3530 2270 3615 φόβος.
2325 3530 2597 3596 Dudum

534 3628 903 3708 monuimus
929 3629 1100 3696 Bibl.
1134 3631 1299 3702 Crit.
1330 3630 1483 3698 Vol.
1517 3633 1574 3698 I.
1608 3633 1775 3698 Part.
1810 3633 1901 3698 11.
1929 3655 1999 3720 p.
2028 3634 2136 3702 62.
