2850 4817
553 398 668 457 DE
695 396 1036 458 vmrm.
1075 394 1549 459 Montanum.
1592 418 1651 477 p.
1684 414 1821 475 2⁴4·
1846 398 2055 459 n-r..
2306 416 2341 479 ⁵

254 558 368 643 65.
461 555 748 623 Strictim
792 556 920 622 hoc
947 555 1192 623 bellum
1219 555 1441 645 attigit
1468 554 1841 622 Herodotus
1866 556 2061 623 V111.
2094 572 2200 643 27.
2234 559 2343 623 28.

251 660 436 727 unde
466 660 766 739 novimus
800 660 870 725 id
905 660 1124 748 paucis
1158 660 1342 725 annis
1378 672 1529 725 ante
1568 659 1797 727 Xerxis
1834 660 2077 727 bellum
2118 660 2297 727 fuifl'e
2322 685 2343 725 ε

255 765 462 829 verbo
499 775 568 830 et
609 762 884 829 breviter
929 761 1265 829 AEschines
1305 762 1410 828 De
1450 760 1631 829 Falsa.
1669 765 1902 851 Legat.
1946 784 2015 850 p.
2056 780 2210 852 405.
2257 762 2347 831 C.

252 864 528 931 uberius
559 865 890 931 Pausanias
918 866 1005 930 X.
1043 886 1103 929 1.

343 987 500 1050 244.
529 970 606 1033 B.
637 967 862 1055 ὁμήρους
905 964 1284 1055 κατηλόησαν]
1333 965 1673 1033 AEschines
1714 966 1763 1031 l·
1798 988 1859 1031 c.
1898 968 2169 1047 διὰ-τὴν
2208 970 2343 1059 πρὸς

249 1068 498 1144 Φωκέας
536 1069 766 1157 ἔχθραν,
802 1068 834 1147 ἢ
871 1074 1192 1159 πςοῆςχσ
1235 1074 1555 1145 Θετταλοῖς
1594 1074 1655 1135 ἐκ
1698 1076 1955 1134 παλαιῶν
1989 1069 2209 1158 χρόνων
2250 1069 2339 1135 ὅτι

201 1184 208 1190 “
251 1174 440 1235 αὐτῶν
472 1172 600 1247 τοὺς
637 1172 862 1258 ὁμήρους
901 1171 1170 1253 λαβόντες
1201 1175 1417 1249 Φωκεῖς
1464 1170 1837 1250 κατηλόησαν.
1924 1170 2129 1237 Valefi
2138 1192 2211 1235 us
2256 1171 2340 1239 ad

251 1272 840 1361 Harpocrationem
870 1295 938 1361 p.
969 1295 1077 1361 93.
1121 1272 1330 1339 reddit
1371 1272 1769 1351 obtriverunt,
1814 1273 1992 1339 recte
2030 1272 2293 1359 quidem
2314 1300 2335 1341 z

249 1376 458 1441 modo
501 1377 592 1439 ad
625 1387 884 1455 mortem,
921 1376 1021 1441 vel
1049 1376 1495 1464 interficerunt,
1536 1374 1979 1441 subaudiatur=
2024 1374 2133 1440 sed
2162 1378 2341 1463 ἇλοᾷν

246 1479 548 1542 triturare
587 1491 656 1544 et
695 1483 893 1565 ἅλοιᾷν
933 1479 1208 1558 occidere,
1253 1478 1341 1543 ita
1377 1476 1663 1565 usurpari
1704 1478 1947 1543 diverso
1978 1478 2183 1559 sensu,
2216 1500 2337 1545 nec

245 1581 444 1647 nobis
475 1579 833 1669 persuadet,
861 1594 930 1645 et
955 1579 1270 1647 refellitur
1296 1604 1336 1645 a
1359 1580 1646 1669 Tayloro
1672 1578 1757 1645 ad
1786 1578 2079 1646 AEschin.
2110 1580 2160 1645 l.
2182 1604 2245 1647 c.
2266 1602 2335 1669 p.

243 1686 359 1766 46.
433 1683 628 1748 Certe
653 1682 842 1769 origo
866 1682 1038 1747 vocis
1067 1682 1374 1771 fignificat
1399 1684 1617 1749 caedem
1642 1680 1813 1771 quast
1830 1682 2171 1749 triturando
2192 1708 2333 1749 con·

221 1785 496 1871 scaam.
583 1784 692 1850 Sic
741 1784 1117 1850 Heraclides
1150 1784 1455 1851 Ponticus
1481 1807 1585 1872 ap.
1610 1782 1858 1849 Athen.
1888 1784 2048 1849 XII.
2076 1805 2145 1872 p.
2174 1800 2332 1871 524.

245 1890 310 1953 A
325 1916 344 1955 ε
378 1892 515 1968 βοῦς
542 1888 953 1973 συναγαγόντες
977 1888 1360 1967 συνηλοίησαν·
1397 1886 1649 1953 bovibus
1675 1885 2051 1974 congregatis
2073 1910 2165 1952 eos
2194 1912 2333 1953 con-

245 1992 591 2055 culcarunt.
665 1989 1018 2055 Clearchus
1043 1990 1204 2055 ibid.
1233 2012 1303 2078 p.
1331 2009 1455 2076 541
1469 2037 1487 2053 .
1510 1990 1611 2053 D:
1644 1987 1998 2066 κατηλόησαν
2024 1992 2205 2055 αὐτῶν
2226 1996 2332 2068 τὰς

246 2094 492 2180 σάρκας·
526 2091 568 2155 i.
601 2112 662 2156 e.
691 2092 1027 2156 triturando
1056 2116 1262 2157 carnes
1291 2114 1485 2155 eorum
1512 2092 1600 2153 ad
1616 2090 1905 2154 edendum
1926 2103 2329 2177 apparat-unt.

337 2215 488 2277 244.
530 2196 620 2259 D.
678 2196 1156 2279 AnoNolAN]
1219 2192 1552 2259 Pausanias
1602 2192 1650 2257 l.
1704 2213 1766 2257 c.
1817 2191 1939 2255 ἀντὶ
1990 2191 2183 2257 τούτου
2228 2192 2331 2277 μὶν

245 2295 470 2361 ἅπαντα
499 2298 575 2359 τοὶ
601 2294 906 2381 ἀνάλγητα
927 2296 1289 2380 βουλεύματα
1319 2293 1549 2359 ἀπόνοια
1572 2294 1673 2357 ὑπὸ
1697 2292 1983 2373 Ἐλλῆνων
2004 2292 2329 2377 ὀνομάζεται

246 2400 508 2477 Φωκικῆ.

331 2520 486 2583 244.
510 2502 600 2565 D.
629 2504 710 2565 τὰ
731 2500 1154 2587 Ἐλαφηβόλια]
1181 2499 1590 2567 Nominatim
1612 2512 1924 2565 memorat
1948 2498 2326 2567 Plutarchus

243 2601 548 2690 Sympos.
578 2604 696 2669 IV.
728 2624 786 2668 1.
817 2625 886 2690 p.
918 2606 1069 2669 660.
1094 2605 1194 2668 Dt
1237 2601 1669 2685 Ἐλαφηβολίων
1695 2604 1811 2687 γὰρ
1840 2599 2002 2665 ὄντων
2028 2604 2101 2676 εἰς
2125 2602 2325 2685 ’Ὑάμ-

235 2719 425 2785 πολιν,
462 2704 550 2767 ἐπὶ
587 2709 684 2784 τὴν
725 2710 907 2793 ἑορτῆν
949 2702 1364 2788 ἀφικνουμένους
1407 2710 1553 2787 ἡμᾶς
1594 2703 1777 2768 εἱστία
1817 2703 2013 2768 Φίλων
2050 2708 2077 2766 ὅ
2114 2702 2323 2793 ἱατρός.
2418 2757 2425 2767 ,

241 2807 400 2871 Sine
429 2805 716 2887 nomine,
745 2806 914 2873 Adv.
945 2806 1295 2894 Epicurum
1328 2829 1396 2895 p.
1434 2808 1623 2894 1098.
1652 2808 1724 2871 F.
1768 2810 1919 2888 ἡμεῖς
1938 2808 2034 2884 τὴν
2062 2806 2320 2889 Δαϊφάν-

238 2935 337 2973 του
375 2908 582 2993 (νίκην)
627 2912 744 2997 περ)
783 2910 1102 2993 ’Ὑάμπολιν
1133 2902 1457 2997 ἕορτᾶζορεν
1482 2914 1555 2985 ὥς
1580 2908 1725 2990 ἴστε,
1754 2910 1849 2972 καὶ
1880 2909 2072 2973 θυσιῶν
2101 2910 2196 2972 καὶ
2224 2936 2317 2973 τι·

237 3018 358 3092 μῶν
387 3017 419 3088 ἡ
445 3012 642 3087 ,Φωκὶς
678 3011 1085 3095 ἐμπέπλησται.
1175 3010 1576 3075 Praetermifit
1612 3010 1927 3075 Meurfius
1966 3008 2033 3075 in
2068 3010 2321 3076 Graecia.

239 3113 515 3190 Feriata,
553 3136 672 3179 nec
699 3114 832 3195 alii,
864 3113 1041 3201 quod
1069 3112 1286 3193 sciam,
1315 3111 1512 3201 hujus
1534 3112 1919 3200 argumenti
1958 3110 2316 3198 Scriptores

233 3215 620 3309 attigerunt.
704 3218 810 3281 De
837 3239 906 3283 re
933 3214 1067 3303 ipsa
1101 3228 1170 3281 et
1197 3215 1575 3303 Daiphanto
1614 3213 1975 3279 notavimus
2012 3212 2313 3301 quaedam

233 3318 316 3383 ad
365 3319 504 3383 Ser.
547 3320 754 3385 Num.
798 3318 997 3386 Vind.
1039 3340 1106 3405 p.
1131 3319 1284 3405 558.
1315 3318 1407 3383 A.
1454 3316 1682 3383 veteris
1706 3314 2007 3382 editionis
2037 3316 2314 3406 lingula·

231 3420 321 3485 ris
354 3442 424 3507 p.
452 3424 559 3508 69.
1890 3422 1901 3433 ’

321 3542 494 3606 244.
518 3528 597 3590 E.
634 3548 703 3610 γ.
743 3525 972 3610 x1A1.]
1021 3526 1118 3590 Ex
1141 3523 1396 3589 duobus
1425 3523 1527 3589 bis
1553 3522 1864 3611 exemplis
1890 3521 2067 3610 prius
2095 3520 2308 3587 brevi-

226 3640 334 3691 ter
359 3626 642 3713 reposuit
671 3626 1011 3716 Polyaenus
1034 3627 1226 3692 VIII.
1247 3628 1356 3692 66.
1417 3628 1523 3692 De
1550 3624 1725 3702 bello
1756 3624 2068 3691 Chiorum
2092 3623 2311 3690 adver·
2430 3640 2479 3689 ‚⁴

223 3732 336 3794 sus
367 3730 740 3818 Erythraeos
769 3731 1066 3797 meminit
1095 3731 1469 3797 Herodotus
1498 3733 1553 3796 1.
1590 3731 1691 3797 18.
1750 3729 2093 3796 Frontinus
2123 3731 2213 3794 11.
2237 3744 2306 3816 5.

161 3857 168 3863 ·
229 3848 342 3916 15.
385 3854 583 3919 quem
618 3833 791 3927 reRe
833 3833 1136 3898 emendat
1178 3831 1706 3919 Oudendorpius,
1746 3853 1863 3919 pro
1901 3830 1994 3896 Hi
2030 3832 2307 3918 probans
2346 3918 2351 3924 ι

229 3932 401 3998 chii.

317 4050 474 4115 244.
503 4035 582 4099 E.
627 4033 968 4121 ἒπῶκησαν·]
1017 4034 1236 4102 Nimis
1287 4033 1575 4098 universe
1621 4031 1903 4098 reddidit
1946 4031 2303 4119 Xylander,

223 4134 524 4201 coloniam
552 4136 955 4201 deduxerunt:
987 4134 1342 4215 Cruserius,
1371 4135 1761 4199 habitarunt.-
1795 4134 2181 4211 Ranutinus,
2210 4135 2307 4198 in-

223 4236 560 4302 coluerunt.
651 4238 908 4326 Proprie
943 4239 1049 4318 est,
1064 4240 1307 4326 ⁸insuper
1331 4237 1667 4301 habitatum
1707 4247 2023 4315 venerunt,
2067 4236 2305 4325 insuper

223 4336 612 4420 habitarunt,
640 4338 957 4405 veteribus
991 4339 1217 4407 incolis
1258 4338 1352 4403 vel
1391 4338 1657 4425 expulfis
1696 4336 1796 4401 vel
1838 4334 2110 4403 relictisz
2159 4358 2305 4424 quae

1083 4461 1323 4525 ,133
