2850 4817
517 353 590 418 82
792 355 875 413 D.
915 353 1013 410 W.
1054 351 1450 415 ANlMADV.
1493 352 1583 410 IN
1623 348 2091 412 PLUTARCHI
2131 349 2288 412 Lm.

514 515 584 582 in
618 512 999 580 Schowiana
1036 500 1399 598 praescripto
1435 509 1626 576 unice
1669 509 2076 586 Καλλισθένους·
2103 515 2156 575 ἐν
2183 509 2412 598 δευτέρῳ
2447 515 2587 574 Με-

514 617 940 706 ταμορφώσεων.
1035 614 1353 702 Apposuit
1386 613 1541 678 hinc
1570 613 1935 700 Apostolius
1969 614 2262 678 Proverb.
2289 615 2345 678 I.
2377 632 2486 699 79.
2517 613 2590 678 in

516 719 818 806 Αἷγιστέου
854 717 1089 800 πέδημα·
1138 717 1219 782 fic
1271 715 1445 782 enim
1493 716 1560 782 in
1579 779 1587 784 ,
1607 717 1868 782 Stobaeo
1913 716 2026 781 filii
2064 737 2304 782 nomen
2347 716 2586 782 editur.

520 821 919 904 Callisthenis
958 820 1121 886 item
1166 820 1389 887 fictum
1433 819 1518 884 est
1563 818 1922 906 negotium,
1957 819 2025 883 in
2065 818 2316 883 celebre
2345 839 2586 882 nomen

412 922 421 927 “
518 923 865 988 collatum:
905 936 979 988 ut
1006 923 1165 988 item
1192 921 1481 988 Aristidis
1512 921 1578 986 in
1607 920 1778 986 ἱειᾶο
1807 921 2140 987 clariffimo
2169 918 2404 985 Curtii.
2477 921 2589 984 De

522 1026 922 1093 Callisthenis
974 1025 1602 1114 Metamorphofibus
1651 1023 1890 1090 nollem
1941 1018 2297 1089 credidisset
2337 1021 2590 1088 falsario

520 1131 730 1196 nostro
785 1129 1229 1195 eruditiffimus
1280 1128 1722 1194 Mellmannus
1770 1127 1840 1192 in
1893 1127 2460 1193 Commentatione
2501 1127 2591 1194 de

520 1232 912 1300 Auctoribus
956 1231 1465 1319 Metamorphos.
1517 1230 1707 1296 ovid.
1744 1251 1812 1317 p.
1857 1243 1962 1315 75.
2052 1231 2174 1294 Pro
2214 1229 2414 1294 Ἰδαίου
2453 1232 2588 1306 Διὸς

518 1337 560 1402 J
564 1335 757 1401 unius
782 1333 1107 1399 annotavit
1134 1333 1263 1398 ἰδίου
1292 1333 1480 1410 utem:
1525 1347 1592 1399 et
1622 1355 1738 1421 pro
1764 1333 2012 1421 Ταςο-ίου
2039 1333 2194 1410 Διὸς,
2222 1331 2393 1398 idem
2419 1322 2589 1420 Τας-

519 1435 713 1517 σιδίου,
739 1435 936 1502 'nulla
988 1435 1237 1501 ratione
1290 1436 1559 1501 obscuro
1615 1434 1954 1500 obscurum
2005 1432 2422 1500 substituens:
2469 1456 2592 1522 pro

516 1549 701 1628 χῶμα
731 1538 889 1604 dant
911 1539 1133 1625 χάσμα
1158 1537 1315 1604 Ald.
1344 1538 1484 1602 Bas.
1516 1537 1672 1626 Xyl.

530 1685 537 1693 -
608 1642 682 1716 ς’.
721 1664 789 1730 p.
826 1657 978 1728 307.
1023 1642 1112 1721 A,
1144 1641 1252 1726 B.]
1302 1642 1606 1706 Graecum
1650 1638 1951 1706 fabularis
1995 1637 2352 1703 traditionis
2389 1639 2589 1716 fidem

522 1745 792 1810 habeat:
844 1743 1147 1810 Latinum
1196 1743 1383 1830 plane
1435 1743 1894 1808 monstruosum
1939 1742 2044 1807 est.
2133 1741 2472 1827 Trzfimachi
2512 1757 2591 1808 ut

524 1843 840 1931 scriptoris
886 1867 1122 1910 nomen
1168 1843 1319 1910 alibi
1362 1867 1492 1908 non
1531 1844 1746 1910 exstat.
1838 1842 2084 1908 Critolai
2120 1842 2440 1931 frequens,
2479 1843 2590 1910 sed

521 1948 900 2034 Ἠπσιρωηκοὶ
929 1961 997 2012 et
1024 1948 1337 2032 Φαινὸμενα
1380 1947 1578 2012 citata
1612 1947 1676 2011 in
1717 1945 1940 2014 Parall.
1973 1945 2035 2010 θ’.
2067 1967 2146 2010 ex
2172 1946 2432 2032 proprio
2463 1945 2588 2011 fal-

527 2048 668 2114 sarii
711 2072 885 2137 penu
926 2050 1265 2138 depromti.
1352 2051 1648 2116 Adeatur
1688 2049 1934 2118 Voffius
1979 2049 2141 2114 Hist.
2187 2051 2302 2115 Gr.
2347 2051 2474 2115 111.
2517 2071 2588 2137 p.

525 2151 653 2238 348
684 2141 751 2216 et'
775 2173 927 2235 421.

615 2252 685 2335 ζ’.
716 2276 784 2341 p.
814 2272 966 2341 307.
1000 2256 1109 2342 C.]
1158 2258 1261 2322 De
1305 2255 1594 2322 Hercule
1637 2255 1855 2352 fictum
1900 2277 1980 2319 ne
2022 2253 2086 2318 in
2134 2253 2401 2319 fabulari
2443 2255 2590 2342 qui-

528 2355 677 2422 dem
704 2369 1089 2472 argumento
1120 2359 1339 2423 testem
1369 2357 1592 2422 habet.
1655 2359 1911 2422 Poterat
1940 2356 2260 2422 Achillis
2243 2381 2307 2422 m
2340 2359 2588 2426 Ηεᾶο-

528 2479 668 2523 rem
704 2456 953 2522 facinus
980 2457 1217 2522 imitari
1244 2457 1629 2537 Alexander,
1663 2470 1777 2523 aut
1804 2471 1978 2524 certe
2005 2458 2312 2546 imitatus.
2325 2458 2484 2546 fingi
2509 2459 2592 2523 ab

530 2559 809 2646 Hegesia
844 2561 1155 2647 Magnete
1186 2560 1371 2648 cujus
1400 2561 1827 2626 narrationem
1857 2561 2048 2628 refert
2076 2561 2419 2648 Dionyfius
2445 2562 2590 2624 Ha-

522 2660 638 2726 lic.
668 2663 785 2727 De·
804 2660 1282 2747 Compofitione
1313 2664 1478 2749 Cap.
1511 2664 1768 2729 XVIII.
1799 2685 1863 2750 p.
1887 2684 1996 2750 33.
2025 2677 2094 2729 et
2118 2663 2401 2750 sequitur
2429 2663 2595 2728 Cur-

531 2763 661 2829 tius
692 2765 812 2829 IV.
840 2765 903 2827 6.
993 2763 1059 2828 Si
1104 2758 1257 2852 quid
1291 2764 1660 2854 hujusmodi
1704 2765 1784 2830 de
1829 2766 2112 2830 Hercule
2149 2764 2456 2830 traditum
2483 2765 2588 2830 fu-

532 2863 692 2945 isset,
738 2863 1041 2931 credibile
1082 2868 1168 2931 est
1205 2866 1270 2932 id
1315 2880 1732 2932 annotaturos
1774 2866 1952 2932 fuiss'e
1995 2866 2466 2932 Grammaticos
2511 2867 2595 2932 ad

534 2967 721 3032 Iliad.
752 2969 840 3032 X.
867 2968 1020 3054 398.
1060 2967 1175 3032 ubi
1210 2968 1486 3034 Achillis
1531 2969 2000 3034 immanitatem
2037 2968 2258 3056 patriis
2285 2969 2596 3057 exemplis

399 3070 409 3078 '
533 3071 835 3138 excusant
870 3069 1199 3157 Porphyrii
1236 3069 1517 3151 Scholia,
1552 3071 1708 3158 item
1737 3073 1974 3139 Vetera
2001 3084 2068 3136 et
2093 3073 2364 3137 Veneta.
2437 3077 2593 3138 Φου-

532 3171 714 3253 φετίου
758 3170 953 3237 etiam
1004 3171 1116 3237 dat
1164 3172 1589 3238 Harleianus:
1636 3172 1833 3253 idem,
1871 3173 2227 3259 Ἀλέξαρχος
2267 3175 2320 3235 ἐν
2357 3173 2596 3260 τετάρτῃ

530 3273 848 3352 Ἰταλικῶν,
888 3272 1073 3338 aliter
1108 3274 1303 3340 habet
1335 3273 1697 3362 Ἀλέξανδρος
1717 3273 1761 3337 δ’
1791 3279 2096 3358 ἱστορικῶν.
2185 3275 2268 3338 Et
2300 3273 2600 3340 Cruserio

535 3373 622 3438 est
646 3373 1023 3439 Alexander.-
1066 3387 1133 3442 et
1165 3377 1519 3442 Gesnerum
1557 3377 1626 3442 in
1659 3375 2060 3442 Bibliotheca
2097 3377 2176 3441 fic
2205 3376 2421 3464 legisse
2449 3399 2598 3442 mo-

536 3476 922 3542 netVoffius
954 3477 1117 3544 Hist.
1152 3480 1271 3545 Gr.
1305 3481 1432 3545 III.
1459 3502 1525 3567 p.
1551 3500 1702 3566 319.
1768 3479 2092 3544 Alexarithi
2116 3491 2328 3544 tamen
2361 3501 2598 3546 nomen

535 3575 893 3642 testimonio
934 3578 1131 3644 Servii
1169 3593 1379 3646 tuens·
1462 3577 1630 3648 Quis
1659 3581 2042 3668 fignificetur
2070 3579 2180 3646 illo
2208 3584 2261 3643 ἐν
2288 3579 2456 3668 τρίτῳ
2481 3581 2603 3669 περ)

533 3686 818 3761 ποταμῶν,
851 3700 1134 3765 quaerere
1160 3704 1290 3747 non
1319 3683 1406 3747 est
1433 3704 1645 3769 operae
1677 3683 1979 3768 pretium.

622 3778 693 3858 η’.
727 3800 793 3866 p.
823 3797 974 3866 307.
1006 3783 1129 3868 D.]
1166 3785 1526 3848 Romanum
1558 3783 1952 3850 celebratur:
1986 3786 2289 3850 Graecum
2314 3785 2468 3850 hine
2498 3808 2603 3850 re·

538 3881 690 3948 tulit
734 3884 1055 3966 StobaeuS,
1088 3885 1135 3950 l.
1168 3907 1228 3950 c.
1260 3909 1327 3974 p.
1359 3906 1468 3973 92.
1499 3909 1617 3952 nec
1657 3886 1796 3952 aliis
1839 3900 2012 3953 caret
2057 3887 2338 3968 testibus,
2385 3887 2608 3952 Solino

536 3986 731 4052 VIII.
776 4009 843 4074 p.
888 3988 990 4051 18.
1024 3989 1114 4052 D.
1154 4002 1223 4053 et
1259 3989 1397 4053 aliis
1435 4007 1598 4077 quos
1627 3990 1829 4055 citant
1855 3993 1918 4057 J.
1949 3989 2298 4056 Palmerius
2325 3990 2608 4058 Exercit.

537 4109 606 4175 p.
629 4105 783 4174 577.
841 4089 1298 4177 Weffelingius
1326 4091 1409 4156 ad
1437 4091 1710 4160 Diodor.
1746 4093 1875 4157 Sic.
1910 4095 2093 4159 XVI.
2121 4115 2231 4180 34.
2285 4095 2380 4158 At
2404 4093 2610 4160 noster

538 4189 740 4257 homo
765 4192 1029 4280 gemina
1051 4193 1219 4258 facia
1243 4191 1325 4257 ad
1354 4192 1690 4279 paritatem
1740 4206 2018 4280 torquet.
2107 4195 2379 4261 Notavit
2411 4195 2608 4260 etiam

538 4291 1015 4360 Valckenarius·
1038 4293 1105 4358 in
1134 4295 1317 4362 Orat.
1346 4295 1454 4362 De
1485 4293 1810 4382 Philippo,
1833 4298 2148 4384 Amyntae
2177 4296 2330 4380 filio,
2360 4283 2426 4383 p.
2455 4315 2607 4380 244.
