2850 4817
620 343 727 453 96'
902 371 979 430 n.
1020 367 1118 428 w
1158 334 1688 426 ANIM'ADV.1N
1728 361 2198 427 PLUTARCHI
2239 365 2400 424 Lm.

618 531 784 598 tium
828 531 915 596 est
955 525 1341 626 cognoscere
1383 523 1558 612 apud
1596 523 1881 590 Dionem
1924 523 2154 612 clnys.
2195 523 2312 588 Or.
2341 474 2602 588 LXIII.
2635 545 2708 611 p.
2812 471 2813 550 Ξ

614 650 769 724 591.
802 633 887 714 C,
918 634 1009 698 D.
1039 643 1107 696 et
1136 628 1503 696 Galenum'
1487 651 1554 694 m
1573 627 2004 714 Protreptico‚
2032 647 2177 754 cap.
2208 619 2300 692 ΙΙ.

698 738 853 825 318.
882 737 962 800 Β.
1007 739 1239 807 Παῦλος
1282 729 1875 818 Αἴμυλιος-ἅτρωτον
1919 732 2160 818 στρατὸν
2203 729 2360 815 ἄγων
2404 731 2502 793 καὶ
2545 728 2708 807 νίκην

611 843 880 929 ἄδακρυν]
931 843 1080 905 Ηοο
1111 837 1564 903 declamatorie
1597 836 1806 924 magis
1835 835 2082 902 dictum
2113 857 2308 932 quam
2338 857 2523 899 vere.
2557 857 2702 900 non

614 944 811 1010 modo
853 944 983 1030 ipse
1028 940 1460 1008 Plutarchus
1445 965 1510 1004 m
1541 940 1810 1004 AEmilio
1849 939 2047 1004 Paulo
2076 961 2142 1025 p.
2175 939 2322 1005 268.
2355 939 2448 1002 Ε.
2495 945 2612 1001 τῶν
2644 939 2702 1001 δὲ
2811 939 2813 946 ”

608 1047 895 1131 Ῥωμαίων
924 1045 1111 1110 mesor
1138 1046 1208 1120 ὥς
1232 1044 1334 1126 μὲν
1367 1043 1728 1118 Ποσειδώνιος
1753 1043 1934 1125 φησῖν,
1965 1044 2184 1120 ἑκατὸν,
2215 1068 2284 1116 ως
2313 1041 2366 1104 δὲ
2395 1045 2698 1120 Νασικᾶς,

613 1150 966 1235 ὀγδοήκοντα.
1022 1146 1239 1212 Livius
1282 1146 1530 1212 XLIV.
1567 1165 1696 1227 42·
1747 1169 1818 1209 ex
1857 1145 2172 1210 viatoribus
2214 1142 2533 1207 ceciderunt
2575 1166 2700 1204 non

609 1251 745 1341 plus
787 1249 1035 1314 centum.
1125 1248 1229 1314 Sic
1264 1261 1333 1312 et
1366 1247 1716 1334 Eutropius
1741 1247 1865 1330 JV.
1897 1263 1960 1331 7.
2035 1245 2230 1330 Pauci
2272 1244 2530 1331 quidem
2573 1265 2699 1329 pro

612 1350 1037 1418 multitudine>
1059 1350 1357 1415 hostium.
1414 1349 1542 1416 Sed
1571 1349 1810 1438 ἄδακρυς
1836 1348 1954 1427 νίκη
1980 1348 2216 1414 dicitur
2244 1349 2310 1412 in
2341 1369 2466 1435 qua
2493 1367 2695 1410 nemo

611 1477 691 1521 cx
726 1454 961 1520 victore
996 1446 1280 1517 exercitu
1314 1451 1527 1517 cadit:
1570 1452 1776 1540 qualis
1805 1452 1931 1516 fuit
1955 1450 2337 1516 Archidami
2367 1450 2447 1514 de
2476 1451 2696 1515 Arca-

610 1557 823 1637 dibus,
852 1555 934 1620 de
964 1576 1094 1642 qua
1120 1553 1247 1621 hoc
1276 1576 1515 1619 nomen
1553 1555 1850 1620 adhibuit
1880 1553 2256 1644 Oraculum,
2291 1565 2364 1618 ut
2393 1553 2479 1618 est
2509 1551 2693 1640 apud

611 1659 883 1725 Diodor.
926 1657 1053 1723 Sic.
1090 1657 1241 1723 XV.
1284 1672 1391 1741 72.
1437 1669 1503 1721 et
1546 1657 1703 1723 alios
1741 1657 1974 1724 citatos
2013 1637 2294 1722 Meurfio
2319 1657 2424 1721 De
2458 1657 2692 1742 Regno

610 1761 849 1830 Laced.
880 1763 1067 1827 XIX.
1098 1781 1164 1848 Ρ.
1198 1761 1304 1844 84.
1541 1803 1548 1817 .

695 1866 847 1951 318.
891 1866 969 1934 B.
1014 1863 1309 1939 Μέτελλος
1352 1869 1379 1928 ὁ
1422 1863 1818 1950 Μακεδονικός]
1873 1863 2104 1930 Cicero
2131 1825 2270 1929 Fin.
2302 1863 2387 1927 V.
2424 1877 2548 1945 27·
2602 1861 2686 1946 Q.

611 1967 901 2032 Metellus
953 1979 1068 2032 tres
1097 1967 1275 2054 filios
1320 1967 1589 2053 Coufules'
1639 1967 1824 2047 vidit,
1869 1992 1901 2030 e
1942 1967 2144 2055 quibus
2185 1990 2365 2030 unum
2409 1963 2587 2028 etiam
2633 1977 2690 2026 et

608 2070 885 2157 ceufore'm
926 2083 983 2134 et
1020 2070 1492 2159 triumphantem,
1535 2081 1808 2156 quartum
1851 2080 2044 2132 autem
2073 2070 2414 2132 Praetorem.
2493 2065 2686 2140 Tusc.

610 2174 667 2238 Ι.
696 2192 804 2260 35.
874 2172 1157 2239 Velleius
1192 2176 1327 2238 Pat.
1364 2174 1418 2236 I.
1458 2192 1558 2252 11,
1586 2191 1619 2256 7
1648 2198 1664 2237 ς
1717 2172 1960 2236 Mortui
1989 2173 2110 2260 ejus
2141 2168 2444 2256 (Metelli)
2478 2168 2688 2234 ledum

596 2289 707 2363 pro
732 2274 1301 2366 restrissullulerunt
1328 2273 1750 2362 quatuorfilii:
1779 2297 1930 2338 unus
1959 2271 2276 2362 cousularis
2306 2285 2361 2336 et
2382 2272 2688 2358 cerfforim,

609 2377 764 2440 alter
790 2375 1128 2463 cousularis‚
1156 2376 1360 2440 tertius
1389 2375 1607 2463 consul,
1649 2388 1896 2462 quartus
1931 2377 2286 2440 candidatus
2314 2373 2642 2462 consulatus
2661 2400 2683 2438 .·

612 2503 777 2565 quem
808 2479 1069 2541 honorem
1098 2477 1340 2564 adeptus
1370 2475 1467 2562 est.
1501 2511 1508 2518 ·
1556 2476 1687 2540 Hoc
1714 2475 1792 2562 est
1818 2476 2092 2541 nimirum
2121 2478 2313 2564 magis
2317 2475 2589 2562 feliciter
2617 2478 2691 2540 de
2731 2464 2735 2474 ⁵

608 2581 741 2644 vita
768 2579 1023 2666 migrare
1047 2603 1225 2665 quam
1249 2578 1417 2642 mori.
1476 2578 1769 2644 Valerius
1799 2581 1978 2644 Max.
2007 2579 2165 2644 VII.
2195 2599 2254 2656 1,
2285 2597 2385 2642 11.
2445 2577 2687 2642 Plinius

538 2751 545 2758 ,
608 2681 774 2747 Hist.
804 2683 962 2746 Nat.
994 2681 1148 2745 VII.
1184 2700 1256 2744 11
1290 2693 1357 2745 et
1384 2699 1492 2766 45.
1581 2681 1690 2745 Ad
1731 2682 1874 2747 illos
1912 2682 2090 2748 locos
2129 2681 2595 2748 consulantur
2578 2706 2684 2746 m-

610 2795 923 2869 terpretes
946 2795 1017 2848 et
1043 2780 1449 2847 Burmannus
1475 2781 1555 2846 de
1576 2785 1931 2848 Stemmate
1958 2783 2377 2848 Metellorum
2409 2783 2491 2847 ad
2521 2783 2682 2849 Vel-

606 2885 713 2952 lei.
749 2885 1113 2969 Pat.11.3=
1158 2885 1490 2970 nostraque
1517 2897 1742 2950 notata
1770 2849 1852 2949 ad
1879 2885 2074 2974 hujus
2101 2885 2686 2974 Apophthegmata
2812 2879 2813 2884 ἵ

606 3009 677 3075 Ρ.
707 3005 855 3054 201.
888 2989 959 3051 F.

691 3091 844 3176 318.
889 3089 970 3156 C.
1009 3091 1278 3172 Αἲμῦλιος
1318 3089 1602 3178 Σκαῦρος]
1652 3091 1858 3176 Atqui
1900 3089 2025 3155 fuit
2067 3110 2104 3154 e
2145 3101 2343 3177 gente
2385 3090 2680 3171 AEmilia,

602 3192 868 3280 patricia
904 3191 1219 3278 majorum
1257 3193 1580 3280 gentium.
1669 3192 1972 3258 Aurelius
1997 3192 2242 3258 Victor.
2274 3195 2378 3259 De
2405 3194 2549 3258 Vir.
2584 3194 2682 3258 Il·—

606 3293 780 3362 lustr.
826 3295 1115 3359 LXXII:
1174 3295 1279 3358 M.
1313 3293 1612 3364 AEmilius
1657 3295 1914 3359 Scaurus
1955 3295 2186 3374 nobilis,
2221 3309 2452 3383 pauper
2466 3321 2494 3374 ,-
2536 3319 2682 3360 nam

594 3407 773 3483 pater
799 3419 917 3483 qus
946 3395 1215 3484 quamvis
1234 3397 1521 3484 patricius
1550 3397 1618 3462 ob
1637 3409 2044 3484 paupertatem
2073 3397 2484 3462 carbonarium
2505 3421 2682 3484 nego-

604 3498 755 3562 tium
781 3497 1058 3562 exercuit.
1137 3498 1367 3563 Cicero
1395 3501 1511 3566 Or.
1549 3501 1669 3563 Pro
1699 3501 2018 3580 Muraena,
2051 3515 2120 3585 7·
2171 3499 2428 3566 Scaurus
2458 3525 2679 3564 memo-

604 3601 761 3664 riam
775 3615 951 3688 prope
977 3601 1416 3666 intermortuam
1431 3625 1661 3689 genens
1668 3602 1782 3689 suz
1806 3602 2034 3666 virtute
2055 3603 2390 3667 renovavit.
2436 3602 2678 3670 Similis

606 3701 733 3766 fuit
762 3701 945 3788 origo
982 3713 1050 3766 et
1081 3723 1243 3788 gens
1271 3705 1350 3767 L.
1386 3702 1670 3768 Cornelii
1712 3702 1948 3768 Sullae.
1995 3718 2072 3768 ut
2113 3704 2352 3769 constat
2395 3726 2475 3769 ex
2521 3702 2673 3769 Plu-

593 3791 875 3869 'tareho
860 3825 924 3866 111
956 3801 1115 3888 Ejus
1145 3803 1315 3869 Vitae
1357 3803 1546 3869 initio
1587 3825 1655 3890 p.
1683 3824 1836 3889 451.
1869 3804 1948 3884 C,
1976 3807 2066 3870 D.
2153 3804 2546 3892 Hujusmodi
2581 3804 2676 3870 vir

605 3927 689 3969 an
724 3903 979 3990 proprie
1017 3905 1223 3970 dictus
1254 3907 1327 3970 fit
1352 3907 1512 3970 homo
1538 3930 1748 3987 novus,
1777 3909 1958 3982 καινὸς
1983 3905 2270 3994 ἅνθρωπος,
2300 3906 2674 3972 subdubito,
2739 3937 2745 3945 ·

602 4005 887 4093 Princeps
940 4005 1193 4070 Senatus
1250 4006 1518 4072 subinde
1567 4008 2105 4096 cognominatur.
2169 4007 2374 4073 veluti
2411 4006 2675 4074 Valerio

604 4089 785 4173 Max.
816 4107 1009 4174 VIII.
1034 4122 1103 4194 5,
1134 4127 1195 4178 2.
1263 4108 1544 4174 Asconio
1584 4110 1735 4176 Ped.
1775 4111 1844 4175 in
1872 4110 2282 4198 Argumento
2315 4109 2456 4179 Cic.
2489 4110 2673 4175 Orat.

604 4187 727 4274 Pro
753 4210 855 4274 M.
887 4211 1148 4276 Scauro.
1214 4209 1503 4276 Graecis
1486 4232 1553 4276 m
1580 4233 1760 4278 more
1789 4214 2086 4279 Romano
2127 4210 2539 4300 significando
2566 4211 2670 4276 di-

598 4310 767 4376 citur
792 4312 1201 4416 προγραφεσβαι
1214 4339 1315 4392 ,της
1339 4319 1566 4401 βουλῆς,
1588 4314 1760 4402 apud
1786 4314 2196 4400 Plutarchum
2218 4313 2444 4380 AEmil.
2469 4313 2672 4380 Paulo
