2850 4817
304 433 2376 492 mg·
2448 461 2456 470 ·

340 689 1059 872 DANIELOE
1156 773 2339 876 WYTTENBACHII

716 1095 1968 1182 ANIMADVERSIONES

565 1374 707 1472 IN
772 1366 1522 1474 PLUTARCHI
1592 1375 2124 1494 LIBRUM,

690 1683 817 1748 DE
861 1657 1317 1752 Fou'rUNA
1360 1685 2000 1754 ROMANORUM.

1058 1965 1626 2020 .-..-.----

302 2199 557 2310 ΠΕΡΙ
585 2245 757 2315 ΤΗΣ
784 2250 1173 2312 mMAmN
1196 2244 1540 2332 muz]
1577 2247 1798 2314 Habet
1823 2243 2146 2336 Lampriae
2176 2246 2376 2316 eam-

302 2349 503 2436 logus
547 2349 750 2414 Num.
801 2349 1065 2415 CLXV.
1152 2347 1584 2436 Damophilus
1629 2347 1950 2436 Bithynus
1999 2349 2382 2416 memoravit

304 2450 465 2515 hinc
504 2449 747 2515 dictum
781 2447 1103 2516 Plutarchi
1144 2450 1432 2530 nomine,
1469 2449 1796 2537 proditum
1824 2470 1890 2537 p.
1919 2452 2074 2536 316.
2107 2451 2186 2516 E.
2233 2449 2376 2518 lau-

304 2553 503 2618 datus
537 2553 811 2640 Evagrio
852 2553 1014 2620 Hist.
1054 2554 1294 2620 Eccles.
1325 2555 1450 2620 VI.
1484 2575 1512 2618 1
1533 2554 1788 2640 ι--τῦχη
1833 2554 1930 2620 καὶ
1963 2557 2376 2643 ἁρετὴ-σπι-

302 2653 557 2738 capim
596 2655 885 2720 συνελθεῖν.
972 2657 1059 2720 Et
1099 2655 1165 2720 in
1216 2654 1470 2722 Arsenii
1509 2655 1773 2722 Violeto
1815 2655 2054 2738 citatur
2095 2657 2211 2722 sub
2253 2679 2378 2723 no·-

299 2755 489 2820 mine
528 2756 875 2839 Plutarchi,
914 2757 1134 2824 omifl'o
1173 2771 1391 2824 tamen
1420 2757 1569 2824 libri
1605 2757 1818 2838 titulo,
1847 2758 2028 2825 locus
2057 2749 2170 2846 q‘ui
2195 2759 2282 2826 est
2307 2779 2378 2846 p.

300 2874 463 2944 317.
496 2859 592 2924 Cz
636 2861 776 2925 Νυνὶ
808 2859 865 2924 δι’
892 2887 987 2945 μοι
1030 2860 1536 2948 δοκῶ-λαφῦροις.
1625 2859 1754 2926 Sed
1791 2873 1864 2926 ut
1892 2882 1932 2926 a
1959 2861 2214 2926 nemine
2239 2861 2378 2926 Ve-

304 2971 525 3024 terum
564 2960 671 3025 hic
711 2960 876 3026 liber
909 2963 1235 3043 citaretur,
1279 2960 1604 3027 Plutarchi
1645 2983 1798 3026 eum
1839 2961 1961 3026 effe
2006 2961 2272 3026 materia
2311 2971 2382 3026 et

302 3060 519 3126 oratio
563 3062 813 3149 arguit:
876 3063 1157 3151 parilitas
1210 3063 1404 3128 etiam
1448 3062 1740 3128 locorum
1787 3084 1940 3128 cum
1986 3061 2126 3126 aliis
2160 3060 2377 3126 librisz

303 3188 369 3228 v.
400 3187 463 3229 c.
497 3164 577 3229 de
604 3163 783 3252 Sylla
808 3163 1069 3253 ejusque
1098 3165 1377 3232 vissoriae
1406 3165 1842 3252 monumentis
1864 3187 1931 3250 p.
1952 3165 2106 3250 318.
2129 3164 2223 3230 D..
2246 3165 2379 3254 ποις·

302 3269 433 3347 ἡμῖν
466 3267 521 3328 ἐν
556 3265 888 3354 Χαιρωνείᾳ·
937 3266 1111 3353 quod
1146 3268 1231 3332 est
1270 3267 1429 3332 item
1471 3265 1539 3334 in
1574 3265 1728 3334 Vita
1765 3264 1959 3354 Syllae
1997 3286 2066 3352 p.
2095 3281 2248 3352 473.
2285 3266 2377 3331 D.
2493 3271 2501 3276 “

308 3367 403 3430 Et
442 3369 529 3432 est
572 3389 647 3432 ex
677 3367 1069 3455 juvenilibus
1117 3367 1443 3434 Plutarchi
1483 3366 1753 3453 scriptiS,
1797 3380 1866 3434 et
1904 3366 2228 3432 rhetorico
2257 3387 2379 3455 ge-

308 3489 489 3547 nere,
517 3481 594 3533 ut
620 3469 779 3534 item
804 3467 935 3534 duo
962 3469 1237 3556 proximi
1266 3469 1365 3533 De
1390 3467 1760 3549 Alexandro,
1789 3481 1858 3534 et
1885 3470 1988 3532 De
2007 3469 2381 3556 Athe-nienst-

310 3567 450 3646 bus,-
493 3591 624 3655 quo
670 3569 753 3635 de
802 3591 1039 3657 genere
1089 3569 1367 3636 diximus
1414 3569 1484 3634 in
1532 3568 1985 3656 Disputatione
2031 3568 2114 3634 de
2147 3569 2386 3664 Spuria

312 3669 720 3737 Auecoritate
773 3661 973 3737 libelli
1016 3673 1121 3738 De
1170 3671 1596 3751 Educatione,
1649 3671 1762 3741 sub
1813 3672 2008 3736 finem
2049 3691 2119 3757 p.
2161 3687 2270 3757 37.
2315 3682 2384 3735 et

310 3771 486 3858 sequ.
574 3774 675 3838 De
718 3774 845 3840 hoc
888 3786 958 3838 et
1000 3773 1253 3838 duobus
1290 3772 1594 3861 proximis
1632 3771 1864 3838 libellis
1905 3772 2066 3838 item
2109 3773 2264 3852 fere,
2305 3793 2386 3838 ac
2453 3793 2462 3809 ·

314 3894 457 3952 ιιοε,
493 3873 809 3961 judicavit
861 3874 955 3940 vir
1010 3897 1285 3962 magnus
1332 3875 1528 3942 Jofias
1577 3876 1912 3974 Mercerus
1958 3875 2042 3939 ad
2089 3873 2381 3939 Nonium

312 3975 524 4040 Marc.
572 3996 639 4062 p.
691 3996 837 4059 142.
848 3974 1125 4063 judicio
1172 3978 1287 4042 suo
1333 3975 1680 4041 clausulam
1727 3953 2122 4063 subjungens
2165 3974 2378 4041 hanc·

323 4075 531 4140 Verum
570 4080 643 4142 de
684 4091 804 4142 tota
840 4103 911 4142 ea
945 4104 1009 4144 re
1043 4079 1155 4144 erit
1192 4078 1347 4144 alius
1372 4079 1606 4143 dicendi
1635 4079 1812 4144 locus.
1899 4077 2030 4166 Qui
2072 4076 2256 4141 locus
2299 4097 2382 4139 an

318 4180 400 4244 ab
446 4203 525 4245 eo
572 4182 880 4248 tractatus
924 4181 1338 4269 proditufque
1380 4181 1600 4260 exstet,
1649 4181 1946 4269 ignorare
1993 4200 2100 4245 me
2153 4176 2378 4243 fateor.

319 4280 542 4348 Deeffe
582 4285 883 4372 quaedam
922 4283 989 4350 in
1025 4281 1152 4350 fine
1188 4282 1411 4365 libelli,
1443 4305 1546 4349 res
1583 4281 1717 4372 ipsa
1753 4278 2022 4348 ostendit
2040 4303 2060 4344 ε
2108 4299 2387 4369 quomm
2475 4369 2490 4383 .
2527 4338 2540 4345 ,
