2850 4817
498 421 571 461 υ
637 358 650 366 ’
771 402 852 461 n.
893 399 991 460 w.
1031 400 1427 485 ΑΝιΜΛΒν.
1465 400 1556 459 ιΝ
1596 381 2067 459 PLUTAchl
2106 397 2267 457 Lm.

577 584 646 649 p.
677 562 825 646 263.
855 562 933 624 Ε.
969 558 1052 624 α’.
1079 561 1245 653 mgis
1273 556 1371 643 nai
1397 556 1619 643 ὕδατος]
1666 560 1874 625 Varro
1900 559 2004 625 De
2034 557 2227 643 Ling.
2258 557 2408 623 Lat.
2439 558 2562 623 IV.

493 686 560 751 p.
598 663 709 727 18:
747 661 952 749 Igitur
979 662 1176 749 cauſja
1205 660 1484 749 nalbendi
1510 658 1754 749 duplex,
1784 659 1946 747 ignis
1973 670 2028 722 et
2055 682 2240 745 aqua.
2327 656 2467 723 Ideo
2493 679 2566 723 ea

493 765 559 830 in
582 763 808 853 nuptiis
837 763 901 828 in
938 761 1144 827 limine
1181 762 1571 843 adhibentur,
1614 763 1773 851 quod
1811 761 2118 849 conjungit
2162 759 2257 824 bic
2275 785 2297 825 .·
2342 771 2399 824 et
2439 784 2571 825 mas

349 855 352 860 ¹
399 870 402 875 ’
493 868 679 957 ignis,
723 868 882 955 quod
921 865 1006 929 ibi
1024 867 1230 951 semen
1253 886 1507 953 raqua,
1524 863 1796 952 femin'a,
1840 864 2175 951 quodsetus
2202 862 2323 952 ᾔεις
2344 862 2421 927 ab
2450 864 2569 927 hu-

493 993 673 1048 more,
701 980 758 1031 et
785 992 980 1033 eorum
995 968 1509 1054 junHionesumit
1537 968 1759 1031 Venus.-
1790 965 1903 1032 ubi
1926 964 2087 1031 1llud
2093 964 2287 1051 sumit
2315 965 2570 1031 fortaffe

473 1073 733 1159 superat
773 1069 872 1135 vel
908 1083 1082 1134 certe
1117 1068 1293 1134 aliud
1329 1069 1488 1156 quid
1518 1069 1667 1133 fuit.
1755 1068 1883 1134 Sed
1915 1067 1996 1137 de
2024 1090 2092 1131 re
2114 1067 2247 1154 ipsa
2272 1067 2569 1133 consula-

497 1185 606 1237 tur
631 1172 715 1237 ad
742 1169 1385 1259 h.1.Jos.Scaiiger.
1476 1169 1660 1235 Idem
1702 1171 1909 1236 Varro
1950 1169 2143 1256 apud
2166 1168 2455 1234 Servium
2484 1170 2573 1235 ad

495 1276 652 1339 AEn.
692 1274 1006 1361 IV.167.
1061 1272 1255 1339 Varro
1297 1272 1507 1337 dieit‘
1514 1278 1721 1361 ‘aqua
1752 1285 1808 1336 et
1841 1271 1975 1359 igni
1998 1270 2202 1335 mariti
2228 1294 2435 1336 uxores
2464 1295 2569 1336 ac-

497 1376 913 1465 “cipiebant”
955 1378 1118 1439 unde
1141 1375 1420 1463 hodieque
1446 1387 1503 1438 et
1508 1376 1691 1461 faces
1722 1374 2079 1463 praelucent·
2064 1423 2079 1438 .
2114 1385 2170 1437 et
2198 1376 2358 1461 aqua
2379 1375 2574 1463 petita

498 1478 572 1541 de
600 1491 752 1565 puro
772 1477 979 1565 fhnte,
1018 1492 1126 1566 per
1145 1474 1553 1563 seliczffmum
1587 1490 1838 1563 puerum
1881 1474 2142 1563 aliquem
2178 1489 2287 1540 aut
2304 1475 2572 1563 puellam

497 1578 732 1665 interest
779 1578 1028 1667 nuptiiS,
1082 1578 1157 1641 de
1210 1602 1330 1665 qua
1382 1577 1735 1642 nubentibus
1781 1575 2061 1663 sblebant
2102 1576 2281 1663 pedes
2336 1576 2571 1644 lavari.

501 1678 714 1743 Festus
738 1680 920 1744 Voce
949 1678 1153 1743 Faces.
1208 1677 1555 1751 Briss'onius
1582 1679 1687 1743 De
1716 1678 1871 1745 Ritu
1895 1677 2288 1765 Nuptiarum
2316 1699 2384 1766 Ρ.
2412 1680 2567 1764 328,

501 1781 633 1866 seq.

551 1879 737 1964 ,263.
765 1880 844 1943 E.
887 1880 952 1943 τό
977 1880 1079 1963 μὲν
1106 1877 1264 1967 ἇρῥεν
1291 1882 1440 1960 ἐστὶ,
1469 1883 1535 1945 ‘rb
1562 1881 1618 1944 δὲ
1646 1880 1828 1966 θῆλυ.]
1878 1880 1977 1946 Ex
2017 1879 2351 1947 communi
2387 1880 2571 1947 fonte

501 1982 875 2048 Lactantius
906 1982 1184 2047 Institut.
1213 1980 1364 2046 Div.
1395 1984 1489 2049 11.
1520 2005 1585 2069 9.
1617 2002 1692 2050 21
1722 2010 1739 2048 z
1786 1983 1959 2072 Ignis
1986 1984 2158 2072 quqfi
2180 1982 2571 2071 masculinum

502 2081 845 2148 elementum
871 2081 973 2169 est.
961 2108 978 2125 ·
1023 2106 1208 2171 aqua5
1239 2083 1410 2173 quast
1411 2083 1822 2171 femininum·
1865 2083 2119 2149 alterum
2148 2083 2440 2165 abtivum,
2469 2084 2569 2149 al-

487 2196 692 2251 .terum
713 2185 985 2274 patibile.
1070 2184 1320 2273 Ideoque
1349 2208 1389 2249 a
1413 2186 1713 2251 veteribus
1755 2185 2080 2273 institutum
2122 2186 2222 2273 ell,
2259 2199 2329 2251 ut
2344 2188 2569 2274 sacra·

503 2300 692 2351 mento
718 2286 877 2373 ignis
919 2299 975 2350 et
1009 2311 1190 2374 aquae
1214 2288 1561 2375 nuptiarum
1577 2287 1830 2375 foedera
1844 2290 2233 2375 sanciantur.
2324 2289 2570 2355 Confe-

365 2456 380 2465 .
481 2404 684 2461 ¹ratur
707 2390 916 2455 Varro
943 2387 991 2452 l.
1023 2408 1084 2452 c.

591 2492 740 2574 263.
767 2492 845 2553 Ε.
869 2488 958 2553 H
988 2492 1085 2553 οὐκ
1112 2488 1847 2577 &anauniae—amiam]
1886 2492 2162 2557 Fortafl'e
2186 2492 2427 2580 scripfit
2451 2516 2573 2559 aud

505 2589 646 2655 &or
670 2588 731 2667 ἣν
759 2592 857 2653 οὐκ
884 2590 1263 2669 ἀπολειπτέον,
1285 2603 1362 2655 ut
1383 2590 1467 2655 ad
1494 2590 1881 2657 antecedens
1904 2593 2214 2676 συμβίωσιν
2236 2594 2571 2659 referatur.

505 2693 691 2771 Mox,
733 2690 908 2777 quod
952 2690 1311 2757 notavimus
1347 2713 1467 2779 pro
1504 2690 1606 2757 κᾶν
1644 2699 1821 2757 καλοῦ
1859 2697 2076 2777 μηδενὸς
2118 2694 2572 2783 corrigendum
2613 2682 2617 2686 ’

505 2793 625 2858 effe
682 2792 782 2856 κᾶν
839 2792 1022 2858 ἄλλου
1071 2794 1314 2876 μηδενὸς,
1373 2808 1713 2860 monuerat
1769 2809 1921 2861 ante
1977 2819 2095 2863 nos
2148 2797 2436 2885 Toupius
2490 2796 2576 2861 ad

503 2896 786 2983 Longin-
815 2917 884 2982 Ρ.
915 2915 1064 2982 249.
1134 2894 1246 2960 Ad
1281 2895 1595 2961 rationem
1629 2898 1993 2963 constantiae
2020 2920 2093 2964 ac
2122 2898 2271 2964 fidei
2296 2898 2576 2985 pertinet
2674 2934 2681 2941 ·

505 2999 717 3063 Festus
751 3021 817 3086 p.
859 3017 1022 3079 140·
1006 3046 1022 3062 .
1073 2998 1346 3063 Facem
1311 3022 1390 3067 an
1427 3000 1651 3086 nuptiis
1691 2999 1756 3064 in
1792 3000 2057 3063 honorem
2092 3002 2319 3066 Cereris
2346 3002 2574 3088 praefe-

503 3100 736 3179 rebant,
777 3124 1053 3189 aquaque
1087 3124 1245 3165 nova
1273 3114 1463 3189 nupta
1490 3102 1952 3188 adspergebatur
1968 3127 1991 3165 .·
2010 3103 2153 3188 five
2180 3114 2249 3165 ut
2273 3100 2428 3187 calla
2453 3118 2573 3191 pu-

502 3224 690 3289 raque
715 3202 805 3265 ad
825 3202 1026 3265 virum
1053 3201 1317 3265 veniret.-
1333 3204 1571 3289 sive'ut
1596 3202 1800 3289 ignem
1830 3215 2007 3291 atque
2032 3210 2255 3292 aquam
2282 3227 2410 3267 cum
2439 3205 2576 3269 viro

503 3304 972 3367 communicaret.

435 3492 440 3495 Ι
590 3407 738 3490 263.
765 3406 834 3468 F.
860 3403 974 3491 β’.]
1009 3407 1201 3471 Faces
1219 3406 1284 3469 in
1314 3406 1582 3493 Nuptiis
1609 3405 1947 3487 adhibitae,
1980 3420 2209 3472 notum
2236 3407 2353 3471 est:
2388 3430 2574 3472 cereos

501 3506 734 3592 eosque
785 3528 1055 3572 numero
1099 3509 1354 3596 quinque
1395 3508 1693 3574 accensos
1722 3507 1915 3595 -apud
1953 3508 2205 3575 AEdiles
2246 3514 2417 3574 unus
2459 3508 2574 3574 hic

505 3606 831 3671 Plutarchi
873 3606 1054 3687 lpcus
1098 3610 1392 3687 testatur-5
1417 3630 1729 3695 magnum
1758 3608 2017 3674 citantis
2046 3609 2376 3675 aussorem
2403 3609 2574 3674 Var-

501 3730 767 3789 ronem.
843 3707 1062 3774 Priscis
1089 3710 1487 3797 temporibus
1527 3709 1722 3797 vulgo
1748 3710 1979 3796 pineae,
2008 3710 2267 3797 spineae,
2296 3732 2574 3791 corneae,

498 3825 567 3875 et
609 3808 890 3898 vulgaris
925 3810 1090 3899 ligni
1130 3814 1318 3879 taedae
1346 3809 1550 3890 fuiffe,
1576 3832 1925 3897 earumque
1952 3811 2101 3877 loco
2130 3809 2302 3899 apud
2324 3810 2575 3877 beatio-
2610 3865 2623 3883 x
2748 3798 2750 3807 ¹

498 3934 600 3977 res
631 3912 952 3993 homines,
981 3926 1048 3978 et
1076 3912 1357 3979 success'u
1385 3910 1593 3977 aetatis
1614 3910 1789 3997 apud
1812 3911 1970 3977 alios
1992 3911 2214 3993 etiam,
2238 3934 2456 3978 cereos
2478 3912 2580 3976 in·

423 4069 431 4077 .
497 4013 772 4079 valuiffe.
859 4018 925 4079 A
945 4013 1242 4103 ‚quinque
1271 4013 1485 4101 pueris
1514 4014 1686 4078 faces
1715 4014 2011 4100 praelatas
2040 4014 2457 4100 Dempsterus
2495 4012 2579 4077 ad

500 4115 804 4179 Rofinum
844 4110 910 4201 Ρ.
946 4119 1097 4200 436.
1143 4114 1344 4181 tradit
1385 4136 1465 4178 ex
1510 4114 1636 4177 hoc
1671 4113 1819 4179 loco
1857 4114 2024 4180 male
2055 4113 2364 4201 inspecto·
2457 4114 2579 4179 Pro

497 4214 762 4301 κηςέωνας
809 4214 1062 4281 fortaffe
1115 4216 1338 4281 auctor
1386 4215 1623 4301 κηρινοὺς
1669 4213 2003 4301 scripserit.
2085 4216 2574 4301 Argumentum

500 4316 1009 4383 Arithmeticum
1037 4317 1120 4383 de
1148 4317 1441 4406 quinario
1468 4339 1741 4383 numero
1767 4316 2036 4407 Nuptiis
2073 4337 2389 4403 congruo,
2432 4316 2575 4383 aliis
