2850 4817
522 301 529 312 ,
585 301 696 359 130
877 281 954 340 n.
998 281 1091 338 w.
1137 259 1530 339 ANIMA'Dv.
1573 280 1662 338 1N
1703 277 2172 338 PLUTARcm
2211 277 2369 336 Lm.

578 452 891 528 terpretes
916 419 1024 503 alii
1050 459 1384 524 perperam
1398 451 1830 525 acceperunt:
1879 435 2052 502 reeie
2075 433 2409 501 Cruserius
2431 458 2453 500 ε
2501 449 2668 522 pue·

546 567 767 622 ¹rorum
784 541 1031 628 stupra,
1068 553 1461 627 fympanorum
1489 541 1641 604 inter
1648 531 1996 626 semiinares
2011 537 2392 626 pugsationes.
2485 541 2669 619 Τυμ-

436 657 445 666 ·
576 644 840 726 τεινεσμοὶ
883 642 1027 707 sunt
1060 640 1454 707 sacerdotum
1493 643 1653 706 Deae
1697 641 2018 729 Phrygiae,
2052 639 2282 704 Matris
2326 641 2667 717 Deorum,

586 746 918 824 Gallorum,
956 743 1329 830 cqstratorum
1348 768 1368 806 .·
1416 757 1491 807 ut
1517 765 1582 830 p.
1605 744 1708 807 60.
1740 743 1828 806 A.
1861 757 1928 806 et
1953 742 2061 827 56.
2091 742 2184 820 D,
2217 742 2294 804 E.
2325 739 2440 828 qui
2471 741 2670 806 locus

579 847 732 913 huic
762 847 893 911 fere
922 846 1009 910 est
1028 844 1355 931 geminust
1388 845 1547 910 item
1573 866 1641 931 p.
1673 863 1816 926 144.
1838 844 1930 923 D,
1953 845 2030 906 E.
2052 842 2164 907 ubi
2187 855 2669 928 argumentum

579 947 1007 1035 exposuimus,

664 1049 821 1135 338.
854 1045 934 1112 C.
968 1046 1166 1132 ἠρίστα
1193 1048 1293 1130 μὲν
1322 1045 1504 1134 ὄρθρου
1541 1047 1672 1111 καθε
1676 1043 2242 1131 ξάμενος-ἅρματος]
2298 1046 2463 1110 Haec
2507 1046 2667 1108 sm

464 1212 472 1216 .
582 1149 813 1238 plicius
849 1170 924 1212 ac
961 1148 1252 1213 disertius
1289 1161 1624 1213 narrantur
1660 1147 1806 1212 loco
1844 1146 2108 1235 gemino
2141 1147 2314 1212 Vitae
2358 1146 2562 1213 Alex.
2597 1169 2664 1234 p.

582 1254 733 1335 677.
780 1251 871 1329 D,
918 1249 1205 1313 E-—ubi
1254 1249 1505 1336 plenius
1544 1217 1901 1334 rectiusque
1943 1247 2666 1326 scribitur—rofedwiy

508 1392 513 1405 ·
583 1351 873 1432 ἐπιβαίνειν
917 1351 1160 1440 ἅρματος
1197 1351 1550 1434 ἐλαυνομένου
1587 1352 1680 1416 καὶ
1717 1349 2052 1430 ἀποβαίνειν.
2136 1351 2242 1415 De
2283 1373 2463 1416 more
2509 1349 2662 1437 ff‘

583 1455 761 1518 dendi
788 1454 875 1516 ad
889 1454 1211 1542 prandium
1240 1453 1601 1518 notavimus
1629 1451 1920 1540 quaedam
1950 1474 2019 1539 p.
2050 1469 2190 1536 150.
2221 1455 2305 1517 A.

566 1569 573 1578 ‘
669 1556 819 1644 338.
861 1556 951 1620 D.
998 1555 1217 1634 ἐκύβευε
1261 1557 1316 1618 δὲ
1358 1555 1487 1641 πρὸς
1529 1555 1763 1638 Μήδιον]
1811 1553 1950 1618 Vit.
2003 1553 2190 1618 Alex.
2245 1576 2313 1641 p.
2357 1557 2513 1638 706.
2567 1556 2660 1619 D.

578 1656 832 1722 Confer
861 1669 1079 1720 notata
1103 1679 1172 1744 p.
1198 1659 1305 1742 65.
1338 1655 1419 1733 C,
1451 1658 1539 1721 D.

667 1759 822 1844 338.
852 1759 940 1822 D.
965 1755 1656 1844 Ῥωξάνην-Στάτειραν]
1693 1756 2133 1834 Βθᾘόοκαηεε
2157 1753 2462 1842 conjugio
2493 1755 2659 1820 dixi-

586 1881 757 1940 mus,
798 1880 865 1945 p.
893 1879 1045 1946 332.
1087 1861 1164 1924 E.
1204 1858 1286 1925 de
1324 1859 1578 1924 Statim
1608 1857 1984 1922 Plutarchus
2016 1857 2151 1924 Vit.
2180 1857 2370 1921 Alex.
2403 1879 2469 1944 p.
2499 1875 2652 1944 703.

584 1959 661 2022 E'.
696 1961 1003 2026 ‘eamdem
1057 1962 1272 2049 prodit
1323 1961 1651 2027 Diodorus
1695 1959 1825 2024 Sic.
1872 1961 2091 2026 XVII.
2139 1976 2281 2042 107.
2365 1960 2657 2025 Justinus

589 2063 747 2126 XII.
785 2081 885 2126 10.
926 2078 997 2128 at
1038 2064 1347 2128 Arrianus
1385 2063 1676 2148 Barfinen
1708 2074 1868 2125 natu
1911 2060 2246 2125 maximam
2285 2060 2654 2130 Alexandro

586 2175 744 2229 tunc
784 2165 1049 2252 nupfiffe'
1083 2167 1275 2230 refert
1311 2167 1466 2234 VII.
1499 2184 1563 2246 4.
1585 2183 1798 2250 ‘quam
1829 2177 2001 2228 cette
2033 2185 2226 2229 unam
2252 2162 2423 2228 inter
2449 2163 2653 2228 Alex-

588 2265 769 2330 andri
822 2290 1052 2333 uxores
1102 2268 1305 2349 fuiffe,
1358 2267 1752 2333 documento
1801 2267 1887 2331 est
1931 2266 2094 2330 filius
2143 2289 2222 2330 ex
2267 2287 2346 2330 ea
2393 2265 2651 2330 relifius

592 2369 928 2448 Hercules,
966 2369 1047 2433 de
1085 2391 1215 2455 quo
1254 2369 1499 2435 mentio
1543 2371 1614 2434 fit
1647 2393 1686 2434 a
1726 2367 2132 2454 scriptoribus
2174 2368 2385 2434 citatis
2431 2368 2651 2434 Frein-
2713 2405 2722 2418 ·

571 2470 827 2534 Ihemio
855 2471 936 2535 ad
971 2471 1267 2536 Curtium
1297 2471 1485 2552 X.6,
1519 2491 1620 2538 11.
1697 2474 1802 2538 De
1830 2470 2058 2537 harum
2084 2453 2454 2538 celebritate
2481 2493 2651 2558 nup-

546 2641 553 2644 ,
590 2569 821 2636 tiarum
856 2571 1126 2638 vidimus
1158 2595 1224 2661 p.
1248 2592 1401 2660 329.
1433 2575 1511 2637 E.

674 2673 825 2758 338.
848 2674 1072 2739 D—F.
1102 2675 1220 2762 περὶ
1252 2677 1306 2738 δὲ
1330 2681 1424 2753 τῆς
1455 2675 1688 2762 Δαρείου
1718 2653 2375 2762 γυναὶκὸς-μαρτῦρων]
2411 2675 2654 2741 Eadem

454 2770 459 2774 ’
590 2771 897 2859 leguntur
926 2772 1215 2840 historice
1243 2791 1512 2854 narrata,
1537 2777 1602 2842 in
1626 2778 1783 2844 Vita
1804 2777 1994 2843 Alex.
2024 2799 2091 2863 p.
2117 2778 2266 2845 682.
2292 2776 2374 2856 C,
2398 2778 2488 2842 D.
2547 2776 2652 2840 Si·-

560 2873 861 2938 ·millime
902 2875 1211 2940 Arrianus
1257 2878 1377 2943 IV.
1421 2896 1527 2943 20.
1613 2878 1971 2943 Athenaeus
2021 2879 2213 2942 XIII.
2266 2899 2332 2964 p.
2371 2881 2519 2963 603.
2569 2877 2649 2941 C.

593 2974 860 3040 Curtius
890 2979 920 3040 1
922 2978 1005 3042 V.
1042 2996 1143 3041 10.
1236 2977 1494 3043 Quibus
1521 2977 1900 3044 adhibeatur
1915 2977 2238 3066 judicium
2267 2977 2651 3045 Sanaocru-

590 3077 675 3143 cii
702 3100 768 3166 p.
800 3079 1159 3161 261—264.

660 3198 744 3263 ‘p.
772 3199 937 3267 339.
977 3181 1056 3260 B,
1097 3181 1178 3246 C.
1221 3181 1466 3271 Ταῤῥῖας
1508 3188 1535 3246 ὅ
1579 3183 2384 3270 Δεινομένους-πολεμίους.]
2437 3180 2651 3269 Hujus

592 3301 828 3345 nomen
863 3282 931 3346 in
969 3282 1150 3346 sociis
1185 3283 1534 3350 Alexandri
1571 3307 1702 3350 non
1739 3285 1847 3350 nifi
1881 3285 2182 3351 hocloco
2225 3286 2444 3352 exstat.
2531 3285 2652 3348 Res

592 3380 853 3468 quidem
900 3383 1033 3470 ipsa
1073 3399 1139 3450 et
1181 3387 1419 3452 faE'tum
1462 3411 1500 3452 a
1538 3388 1879 3454 Plutarcho
1907 3388 1974 3452 in
2009 3390 2162 3454 Vita
2188 3388 2379 3454 Alex.
2409 3411 2476 3476 p.
2505 3404 2650 3473 703.

590 3483 669 3562 E,
712 3486 780 3548 F.
834 3485 1136 3552 tribuitur
1176 3489 1492 3577 Antigeni,
1520 3511 1900 3582 cognomen
1945 3490 2372 3577 ἑτεροφθίιλμου,
2416 3513 2496 3556 ex
2536 3491 2658 3554 hoc

588 3584 871 3667 vulnere,
918 3588 1176 3675 adepto.
1264 3591 1395 3670 Hic
1440 3591 1691 3656 fortasse
1732 3590 1903 3656 idem
1939 3591 2012 3656 fit
2053 3591 2305 3657 Tar-rias
2341 3592 2458 3680 qui
2498 3593 2658 3672 Tau-

588 3711 713 3766 ron,
745 3690 1020 3755 Arriano
1046 3694 1130 3755 V.
1162 3713 1243 3774 14
1264 3707 1332 3757 et
1360 3695 1461 3758 16.
1523 3694 1750 3758 Curtio
1777 3695 1864 3758 V.
1892 3713 1931 3779 3
1958 3718 1975 3757 2
2023 3696 2212 3759 VIII.
2251 3716 2352 3777 ¹4·

675 3810 827 3879 339.
858 3793 935 3872 Β,
970 3794 1051 3874 C,
1078 3794 1171 3858 D.
1216 3788 1980 3880 ’Ᾰντιγὲνης-Τελεσ-ίπης.
2001 3798 2154 3883 ὖρᾷν]
2214 3798 2381 3861 Item
2411 3795 2495 3861 de
2523 3795 2656 3859 An-

593 3892 812 3980 tigene
852 3909 1141 3961 narratur
1178 3895 1243 3960 in
1289 3883 1634 3982 Apophth.
1681 3920 1747 3984 p.
1785 3899 1928 3962 181.
1962 3900 2049 3962 A.
2087 3911 2156 3962 at
2189 3897 2254 3962 in
2288 3897 2441 3963 Vita
2470 3895 2653 3962 Alex.

591 4015 658 4079 p.
690 3995 839 4080 689.
874 3997 950 4059 B.
1009 3996 1375 4082 Eurylocho
1408 3997 1643 4084 AEgeO.

677 4114 826 4182 339·
872 4097 963 4174 D,
1010 4099 1089 4174 Ε,
1118 4097 1207 4160 F·
1252 4077 1928 4185 spmrag—’,Am-yffm]
1991 4099 2231 4167 Eadem
2268 4121 2368 4166 res
2409 4097 2654 4166 brevius

595 4196 967 4260 narratur-in
999 4197 1152 4292 Vita
1184 4196 1369 4262 Alex.
1404 4219 1469 4285 p.
1502 4201 1736 4286 692B
