2850 4817
356 343 467 415 DE
504 353 743 416 Anax.
783 355 872 414 M.
910 343 1313 414 FORTUNA.
1354 354 1489 434 OB.
1517 357 1598 417 11.
1637 375 1694 435 p.
1723 373 1860 434 342.
1887 361 2090 422 A-B.
2184 379 2292 442 ¹³3

252 513 559 602 Euripidis
602 515 800 581 Herc.
847 514 997 580 Dm·-
1038 531 1153 584 222
1192 503 1315 580 Ka)
1358 517 1484 592 τοὺς
1530 517 1634 599 μὶν
1673 514 1880 593 ἄλλους
1931 517 2309 608 δξεμόχθηση’

248 605 437 692 druos.
474 628 763 702 et·1050.
804 617 883 680 Ὁ
906 619 1099 680 πολλὰ
1126 618 1185 696 δὴ
1210 619 1358 693 τλὰς
1380 619 1671 704 Ἡρακλῆς
1697 618 1854 705 λὸγσι
1881 620 2037 686 τάδε.

322 741 382 806 p.
407 739 558 806 342.
592 721 677 784 A.
709 717 1059 794 Καλυδώνιος
1084 719 1243 806 οἶνος]
1279 720 1642 801 Χαλυβώνιος
1673 722 1826 802 alvos,
1853 722 2088 811 Syrias:
2115 723 2294 790 Stra-

250 821 326 886 bo
349 823 494 886 XV.
526 843 594 907 p.
624 821 810 886 1068.
840 822 918 885 B.
994 821 1317 888 Persarum
1362 821 1622 912 regibus
1663 825 2022 911 expetitum
2045 825 2290 908 vinum,

250 929 291 986 οἶ
315 925 558 1003 βασιλεῖς
588 923 749 1010 rugire
777 923 877 1006 μὲν
906 926 968 1002 ἐξ
994 921 1215 988 *Ασσου
1252 930 1348 1002 τῆς
1382 924 1635 1002 Αἰολίδος
1673 927 1967 1014 perfice-qv,
1995 928 2129 992 οῐνον
2157 931 2200 992 δ’
2227 931 2292 993 ix

248 1024 434 1111 Συρίας
460 1027 553 1088 τὸν
581 1025 963 1104 Χαλυβώνιον.
1025 1025 1389 1092 Pofidonius
1418 1027 1593 1113 apud
1620 1028 1868 1094 Athen.
1897 1031 1951 1094 Ι.
1978 1053 2045 1118 p.
2069 1031 2175 1098 28.
2196 1033 2287 1098 D.

250 1129 587 1217 Hesychius
614 1127 681 1193 in
720 1129 900 1193 Voce
940 1128 1321 1204 Χαλυβώνιος·
1372 1128 1604 1195 Suidas
1648 1131 2016 1206 Καλυδώνιος·
2061 1145 2138 1198 ut
2161 1131 2290 1199 hoc

249 1230 377 1296 loco
418 1233 503 1296 G.
540 1229 883 1295 Briffonius
920 1230 1025 1294 De
1069 1230 1229 1297 Pers.
1271 1233 1479 1320 Regu.
1511 1233 1566 1296 Ι.
1599 1233 1703 1313 84.
1741 1232 1880 1320 jam
1925 1237 2287 1314 Χαλυβῶνιος

248 1353 317 1396 ex
346 1331 465 1396 hoc
510 1330 835 1396 Plutarchi
860 1331 1007 1397 loco
1034 1332 1377 1414 citaverat,
1424 1333 1538 1400 ubi
1564 1334 1751 1422 plura
1777 1335 2020 1402 notavit
2047 1337 2287 1404 Leder-

246 1431 417 1499 linus.

318 1552 458 1618 342.
488 1533 573 1598 A.
612 1534 929 1621 Ὑρκανικοὶ
960 1534 1169 1620 ιχθῦις]
1216 1535 1369 1601 Non
1400 1535 1662 1624 ignotos
1687 1537 1888 1626 vulgo
1915 1537 2120 1618 fuiffe‚
2153 1539 2283 1606 sus-

220 1630 473 1747 -picetur
517 1635 663 1721 quis
708 1634 857 1702 inde
901 1635 1076 1724 quod
1123 1657 1233 1702 eos
1275 1635 1514 1702 librarii
1539 1659 1868 1725 perperam
1911 1638 2286 1706 invexerunt

250 1732 303 1798 in
340 1735 524 1800 alium
567 1736 891 1804 Plutarchi
920 1737 1135 1804 locum
1164 1739 1334 1804 Adv.
1364 1738 1626 1826 Epicur.
1656 1762 1722 1829 p.
1751 1757 1938 1806 1101.
1967 1742 2070 1804 A·
2053 1789 2070 1806 .
2119 1739 2286 1817 οὕτως

249 1833 423 1919 ἔχομεν
461 1837 589 1924 πρός
630 1841 980 1914 αὖτοὺς-ὥς
1020 1841 1150 1926 τςὸς
1191 1841 1315 1915 τοὺς
1356 1841 1654 1925 ’Ὑρκανοὺς
1698 1843 1853 1927 ἰχθῦς
1896 1841 2120 1927 ἔχομεν·
2167 1843 2282 1908 ubi

248 1937 379 2024 Xyl.
405 1941 578 2005 Mez.
608 1954 677 2006 et
702 1942 912 2027 Toup.
944 1939 1025 2004 ad
1054 1939 1236 2005 Suid.
1272 1939 1429 2008 Cur.
1455 1943 1625 2008 Nov.
1651 1963 1720 2027 p.
1743 1959 1888 2027 145.
1911 1943 2080 2008 recte
2097 1943 2282 2031 judi-

246 2053 375 2104 cant
419 2041 869 2132 corrigendum
917 2044 987 2118 ὥς
1035 2041 1164 2130 πρδς
1211 2045 1334 2118 τοὺς
1372 2045 1673 2129 Ὑρκανοὺς
1709 2043 1743 2121 ἢ
1785 2042 2006 2119 Σκύθαις
2054 2045 2279 2131 ἔχομεν.

244 2133 407 2207 Mare
431 2143 599 2208 idem
631 2159 699 2210 et
730 2145 1030 2233 Caspium
1062 2159 1130 2210 et
1158 2145 1560 2234 Hyrcanium
1588 2145 1832 2212 distum
1862 2147 2137 2213 constat:
2177 2148 2278 2214 in-

246 2241 428 2332 deque
455 2245 577 2311 sale
606 2235 903 2312 conditoe
929 2248 1128 2335 pisces
1170 2247 1499 2314 Ecbatana
1527 2249 1829 2336 asportari
1869 2263 2079 2314 narrat
2105 2249 2278 2316 AEli-

244 2366 380 2410 anus
412 2349 566 2414 Nat.
611 2349 894 2416 Animal.
942 2351 1159 2417 XVII.
1196 2370 1305 2437 32.
1380 2351 1813 2440 Comparetur
1856 2351 2122 2418 Curtius
2152 2353 2275 2420 VI.

244 2463 298 2527 4,
321 2450 413 2515 18.

310 2570 449 2637 342.
477 2553 553 2618 B.
596 2552 851 2640 πρέσβεις
888 2558 1041 2640 παρὰ
1082 2561 1175 2618 τοῦ
1221 2560 1456 2643 Περσῶν
1497 2553 1894 2640 &cemicas—J
1939 2557 2104 2621 Haec
2147 2555 2274 2621 mi·

242 2675 343 2717 nus
368 2655 684 2720 rhetorice
713 2668 1049 2722 narrantur
1074 2655 1139 2721 in
1166 2656 1321 2722 Vita
1345 2655 1697 2722 Alexandri
1723 2680 1788 2745 p.
1815 2660 1964 2725 666.
1993 2661 2072 2725 E.

307 2775 447 2841 342.
476 2757 553 2820 B.
593 2759 715 2845 mg)
748 2763 843 2835 τῆς
866 2763 1081 2845 χρυσῆς
1109 2759 1511 2845 ἀναδενδράδος]
1562 2755 1664 2823 De
1690 2759 1816 2823 vite
1843 2759 2130 2844 arbustivo
2156 2785 2272 2826 au-

238 2878 331 2921 reo.
387 2855 695 2926 Videatur
719 2859 1061 2925 Brifl‘onius
1085 2861 1292 2948 Regu.
1319 2861 1483 2925 Pers.
1516 2861 1570 2925 Ι.
1601 2877 1709 2988 77.
1782 2861 2112 2927 Diodorus
2140 2853 2271 2928 sfc.

238 2957 402 3026 XIX.
425 2963 535 3045 48.
567 2961 809 3026 ibidem
837 2961 1319 3050 Wesselingius.

302 3080 444 3145 342.
475 3063 551 3126 Β.
582 3062 965 3147 διαπυνθανὸμε
940 3089 1047 3139 evo«,-
1073 3063 1243 3149 πόση]
1285 3063 1397 3130 Sic
1423 3075 1492 3128 et
1521 3063 1705 3128 Harl.

301 3181 444 3247 342.
476 3165 553 3228 Β.
581 3191 684 3228 που
711 3166 767 3228 δέ
793 3170 841 3228 οι
868 3164 1133 3249 ἔντεα-ἦ
1182 3164 1365 3229 Iliad.
1393 3169 1475 3228 K.
1507 3180 1659 3249 407.

303 3284 443 3350 342.
474 3265 555 3345 C,
584 3267 675 3331 D.
718 3261 1001 3332 Φιλίππου
1034 3282 1163 3330 τελε
1140 3268 1606 3345 ευτῆσαντος-τε
1592 3265 1703 3342 ’λος
1732 3264 1998 3352 ἔχουσαν]
2050 3261 2267 3331 Histo-

236 3358 325 3429 riae
358 3382 567 3453 partes
605 3367 1171 3458 animadvertimus
1211 3368 1325 3433 Or.
1370 3369 1424 3432 Ι.
1469 3390 1537 3454 p.
1579 3383 1730 3453 327.
1772 3368 1863 3432 D.
1953 3365 2286 3430 Postrema.

238 3469 397 3533 verba
421 3482 677 3556 poetam
708 3470 1022 3536 redolent.

302 3589 439 3654 342.
470 3573 561 3637 D.
590 3571 926 3660 Φύλαρχος]
976 3573 1082 3638 Sic
1120 3585 1189 3638 et
1227 3571 1411 3638 Harl.
1489 3539 1706 3658 Hujus
1733 3570 1925 3636 loco
1909 3593 1973 3634 m
2007 3569 2132 3636 hoc
2161 3592 2264 3634 ar-

234 3685 517 3754 gumento
556 3675 771 3738 testem
803 3673 1033 3738 citavit
1079 3673 1285 3738 Durin
1332 3674 1598 3738 Samium
1648 3672 1715 3737 in
1759 3673 1914 3738 Vita
1958 3672 2147 3736 Alex.
2196 3693 2263 3758 p.

184 3844 187 3849 ,
233 3771 359 3852 672.
384 3773 467 3839 A.
499 3776 613 3841 Or.
643 3778 698 3841 I.
727 3797 791 3862 p.
818 3791 968 3861 327.
998 3766 1075 3839 E.
1142 3777 1247 3841 De
1277 3775 1636 3864 Phylarcho
1665 3761 1914 3841 Voffius
1945 3773 2108 3838 Hist.
2143 3775 2262 3838 Gr.

235 3871 279 3934 Ι.
314 3891 405 3959 17.
476 3877 803 3968 Fabricius
840 3880 919 3943 Β.
964 3879 1048 3942 G.
1087 3878 1179 3943 11.
1218 3899 1287 3963 p.
1320 3892 1470 3962 225.
1517 3877 1629 3964 qui
1672 3889 1895 3942 monet
1937 3898 1976 3940 a
2015 3874 2266 3968 Radero

233 3991 532 4060 perperam
562 3977 626 4042 in
660 3977 1089 4065 Scriptoribus
1116 3999 1329 4042 rerum
1360 3977 1708 4043 Alexandri
1738 3989 2168 4042 numeratum.

300 4094 437 4159 342.
476 4080 564 4144 D.
606 4080 923 4166 Περδίκκας
960 4080 1102 4143 οὐδὲν
1146 4077 1341 4164 ἔλαβε]
1394 4080 1562 4144 Item
1606 4079 1670 4142 in
1714 4080 1871 4146 Vi'ta
1913 4074 2264 4142 Alexandri
2393 4177 2406 4182 ⁶

232 4191 268 4256 P
302 4177 448 4359 364722.
469 4179 555 4346 ἔ.
584 4279 805 4368 τείχεσ-ι
840 4281 1044 4383 minans
1067 4262 1513 4370 puptoiffigwff]
1566 4277 2019 4370 Significantur
2049 4279 2266 4346 insana

1178 4403 1295 4471 Κ3
