<?xml version="1.0" encoding="UTF-8"?>
<!DOCTYPE html PUBLIC "-//W3C//DTD XHTML 1.0 Transitional//EN"
    "http://www.w3.org/TR/xhtml1/DTD/xhtml1-transitional.dtd">
<html xmlns="http://www.w3.org/1999/xhtml" xml:lang="en" lang="en">
 <head>
  <title>
</title>
<meta http-equiv="Content-Type" content="text/html;charset=utf-8" />
  <meta name='ocr-system' content='tesseract 3.04.00' />
  <meta name='ocr-capabilities' content='ocr_page ocr_carea ocr_par ocr_line ocrx_word'/>
</head>
<body>
  <div class='ocr_page' id='page_1' title='image "./ploutarchoutouc10unkngoog_0112.png"; bbox 0 0 2850 4817; ppageno 0'>
   <div class='ocr_carea' id='block_1_1' title="bbox 552 261 2326 388">
    <p class='ocr_par' dir='ltr' id='par_1_1' title="bbox 552 261 2326 388">
     <span class='ocr_line' id='line_1_1' title="bbox 552 261 2326 388; baseline -0.006 -9"><span class='ocrx_word' id='word_1_1' title='bbox 552 337 667 379; x_wconf 75' lang='lat' dir='ltr'><strong>roo</strong></span> <span class='ocrx_word' id='word_1_2' title='bbox 829 317 909 375; x_wconf 88' lang='lat' dir='ltr'><strong>D.</strong></span> <span class='ocrx_word' id='word_1_3' title='bbox 947 315 1046 374; x_wconf 87' lang='lat' dir='ltr'><strong>W.</strong></span> <span class='ocrx_word' id='word_1_4' title='bbox 1089 313 1486 373; x_wconf 83' lang='lat' dir='ltr'><strong>ANIMADV.</strong></span> <span class='ocrx_word' id='word_1_5' title='bbox 1528 315 1618 373; x_wconf 88' lang='lat' dir='ltr'><strong>IN</strong></span> <span class='ocrx_word' id='word_1_6' title='bbox 1659 261 2148 388; x_wconf 69' lang='lat' dir='ltr'><strong>PLIITARCHI‘</strong></span> <span class='ocrx_word' id='word_1_7' title='bbox 2169 311 2326 370; x_wconf 88' lang='lat' dir='ltr'><strong>LlB.</strong></span> 
     </span>
    </p>
   </div>
   <div class='ocr_carea' id='block_1_2' title="bbox 543 459 2690 1380">
    <p class='ocr_par' dir='ltr' id='par_1_2' title="bbox 543 459 2690 1380">
     <span class='ocr_line' id='line_1_2' title="bbox 543 459 2650 563; baseline -0.007 -19"><span class='ocrx_word' id='word_1_8' title='bbox 543 503 651 544; x_wconf 77' lang='grc' dir='ltr'><strong>των</strong></span> <span class='ocrx_word' id='word_1_9' title='bbox 676 483 821 557; x_wconf 77' lang='grc' dir='ltr'><strong>σφᾶς</strong></span> <span class='ocrx_word' id='word_1_10' title='bbox 847 474 1027 563; x_wconf 75' lang='grc' dir='ltr'><strong>ὥσπερ</strong></span> <span class='ocrx_word' id='word_1_11' title='bbox 1058 476 1175 561; x_wconf 71' lang='grc' dir='ltr'><strong>περὶ</strong></span> <span class='ocrx_word' id='word_1_12' title='bbox 1206 473 1349 563; x_wconf 72' lang='grc' dir='ltr'><strong>ἕρμα</strong></span> <span class='ocrx_word' id='word_1_13' title='bbox 1376 472 1732 550; x_wconf 76' lang='grc' dir='ltr'><strong>ἑπταίκεσαν,</strong></span> <span class='ocrx_word' id='word_1_14' title='bbox 1761 477 1871 536; x_wconf 74' lang='grc' dir='ltr'><strong>πᾶν</strong></span> <span class='ocrx_word' id='word_1_15' title='bbox 1897 469 1964 535; x_wconf 69' lang='grc' dir='ltr'><strong>ἂν</strong></span> <span class='ocrx_word' id='word_1_16' title='bbox 2001 471 2062 534; x_wconf 75' lang='grc' dir='ltr'><strong>τὸ</strong></span> <span class='ocrx_word' id='word_1_17' title='bbox 2097 459 2348 534; x_wconf 69' lang='grc' dir='ltr'><strong>ναυτικὸν</strong></span> <span class='ocrx_word' id='word_1_18' title='bbox 2367 537 2372 540; x_wconf 64' lang='grc'><strong>,</strong></span> <span class='ocrx_word' id='word_1_19' title='bbox 2389 472 2650 531; x_wconf 61' lang='lat' dir='ltr'><strong>&amp;vom-</strong></span> 
     </span>
     <span class='ocr_line' id='line_1_3' title="bbox 544 569 2690 664; baseline -0.005 -20"><span class='ocrx_word' id='word_1_20' title='bbox 544 580 719 646; x_wconf 80' lang='grc' dir='ltr'><strong>λε’κει.</strong></span> <span class='ocrx_word' id='word_1_21' title='bbox 794 578 1115 645; x_wconf 83' lang='lat' dir='ltr'><strong>‚Universe</strong></span> <span class='ocrx_word' id='word_1_22' title='bbox 1152 589 1334 643; x_wconf 83' lang='lat' dir='ltr'><strong>notat</strong></span> <span class='ocrx_word' id='word_1_23' title='bbox 1354 575 1830 664; x_wconf 82' lang='lat' dir='ltr'><strong>firmamentum,</strong></span> <span class='ocrx_word' id='word_1_24' title='bbox 1851 571 2151 660; x_wconf 69' lang='lat' dir='ltr'><strong>fider-um,</strong></span> <span class='ocrx_word' id='word_1_25' title='bbox 2190 569 2644 634; x_wconf 77' lang='lat' dir='ltr'><strong>retinaculum.-</strong></span> <span class='ocrx_word' id='word_1_26' title='bbox 2671 598 2690 605; x_wconf 49' lang='lat'><strong>-</strong></span> 
     </span>
     <span class='ocr_line' id='line_1_4' title="bbox 549 670 2642 767; baseline -0.006 -20"><span class='ocrx_word' id='word_1_27' title='bbox 549 680 711 747; x_wconf 44' lang='lat' dir='ltr'><strong>hinc*</strong></span> <span class='ocrx_word' id='word_1_28' title='bbox 734 691 801 746; x_wconf 90' lang='lat' dir='ltr'><strong>et</strong></span> <span class='ocrx_word' id='word_1_29' title='bbox 803 679 1129 767; x_wconf 84' lang='lat' dir='ltr'><strong>suburram</strong></span> <span class='ocrx_word' id='word_1_30' title='bbox 1160 677 1337 744; x_wconf 63' lang='lat' dir='ltr'><strong>navis</strong></span> <span class='ocrx_word' id='word_1_31' title='bbox 1361 691 1429 744; x_wconf 89' lang='lat' dir='ltr'><strong>et</strong></span> <span class='ocrx_word' id='word_1_32' title='bbox 1446 676 1640 765; x_wconf 80' lang='lat' dir='ltr'><strong>palos,</strong></span> <span class='ocrx_word' id='word_1_33' title='bbox 1667 675 2005 763; x_wconf 78' lang='lat' dir='ltr'><em>crepidines,</em></span> <span class='ocrx_word' id='word_1_34' title='bbox 2033 673 2198 738; x_wconf 84' lang='lat' dir='ltr'><strong>infra</strong></span> <span class='ocrx_word' id='word_1_35' title='bbox 2224 670 2642 758; x_wconf 78' lang='lat' dir='ltr'><strong>superficiem</strong></span> 
     </span>
     <span class='ocr_line' id='line_1_5' title="bbox 549 775 2670 870; baseline -0.005 -22"><span class='ocrx_word' id='word_1_36' title='bbox 549 782 741 848; x_wconf 81' lang='lat' dir='ltr'><strong>maris</strong></span> <span class='ocrx_word' id='word_1_37' title='bbox 768 782 1067 870; x_wconf 70' lang='lat' dir='ltr'><strong>latentes,</strong></span> <span class='ocrx_word' id='word_1_38' title='bbox 1076 780 1376 869; x_wconf 79' lang='lat' dir='ltr'><strong>scopulos.-</strong></span> <span class='ocrx_word' id='word_1_39' title='bbox 1404 794 1480 845; x_wconf 91' lang='lat' dir='ltr'><strong>ut</strong></span> <span class='ocrx_word' id='word_1_40' title='bbox 1507 781 1640 846; x_wconf 85' lang='lat' dir='ltr'><strong>fere</strong></span> <span class='ocrx_word' id='word_1_41' title='bbox 1666 780 2046 866; x_wconf 81' lang='lat' dir='ltr'><strong>interpretes</strong></span> <span class='ocrx_word' id='word_1_42' title='bbox 2073 777 2373 843; x_wconf 89' lang='lat' dir='ltr'><strong>hocloco</strong></span> <span class='ocrx_word' id='word_1_43' title='bbox 2399 775 2640 841; x_wconf 87' lang='lat' dir='ltr'><strong>reddi-</strong></span> <span class='ocrx_word' id='word_1_44' title='bbox 2665 789 2670 796; x_wconf 84' lang='lat'>&#39;</span> 
     </span>
     <span class='ocr_line' id='line_1_6' title="bbox 551 878 2638 971; baseline -0.005 -20"><span class='ocrx_word' id='word_1_45' title='bbox 551 884 821 951; x_wconf 84' lang='lat' dir='ltr'><strong>derunt:</strong></span> <span class='ocrx_word' id='word_1_46' title='bbox 868 883 975 950; x_wconf 87' lang='lat' dir='ltr'><strong>sed</strong></span> <span class='ocrx_word' id='word_1_47' title='bbox 1001 885 1157 949; x_wconf 91' lang='lat' dir='ltr'><strong>VII.</strong></span> <span class='ocrx_word' id='word_1_48' title='bbox 1187 885 1339 971; x_wconf 90' lang='lat' dir='ltr'><strong>Sap.</strong></span> <span class='ocrx_word' id='word_1_49' title='bbox 1374 881 1639 948; x_wconf 89' lang='lat' dir='ltr'><strong>Conviv.</strong></span> <span class='ocrx_word' id='word_1_50' title='bbox 1665 904 1731 969; x_wconf 91' lang='lat' dir='ltr'><strong>p.</strong></span> <span class='ocrx_word' id='word_1_51' title='bbox 1767 882 1910 967; x_wconf 85' lang='lat'>163.</span> <span class='ocrx_word' id='word_1_52' title='bbox 1945 882 2031 946; x_wconf 91' lang='lat' dir='ltr'><strong>A.</strong></span> <span class='ocrx_word' id='word_1_53' title='bbox 2059 879 2240 944; x_wconf 86' lang='lat' dir='ltr'><strong>reddi</strong></span> <span class='ocrx_word' id='word_1_54' title='bbox 2269 879 2474 964; x_wconf 88' lang='lat' dir='ltr'><strong>potest</strong></span> <span class='ocrx_word' id='word_1_55' title='bbox 2481 878 2638 963; x_wconf 84' lang='lat' dir='ltr'><strong>sta-</strong></span> 
     </span>
     <span class='ocr_line' id='line_1_7' title="bbox 554 977 2638 1074; baseline -0.004 -22"><span class='ocrx_word' id='word_1_56' title='bbox 554 977 655 1067; x_wconf 68' lang='lat' dir='ltr'><strong>tio,</strong></span> <span class='ocrx_word' id='word_1_57' title='bbox 698 999 773 1052; x_wconf 90' lang='lat' dir='ltr'><strong>ut</strong></span> <span class='ocrx_word' id='word_1_58' title='bbox 812 986 969 1062; x_wconf 57' lang='lat' dir='ltr'><strong>,fecit</strong></span> <span class='ocrx_word' id='word_1_59' title='bbox 1012 984 1363 1074; x_wconf 87' lang='lat' dir='ltr'><strong>Xylander‚</strong></span> <span class='ocrx_word' id='word_1_60' title='bbox 1402 985 1512 1050; x_wconf 87' lang='lat' dir='ltr'><strong>sed</strong></span> <span class='ocrx_word' id='word_1_61' title='bbox 1549 999 1617 1050; x_wconf 87' lang='lat' dir='ltr'><strong>et</strong></span> <span class='ocrx_word' id='word_1_62' title='bbox 1633 986 1898 1072; x_wconf 77' lang='lat' dir='ltr'><strong>septum,</strong></span> <span class='ocrx_word' id='word_1_63' title='bbox 1927 1007 2138 1070; x_wconf 81' lang='lat' dir='ltr'><em>agger.</em></span> <span class='ocrx_word' id='word_1_64' title='bbox 2226 981 2358 1047; x_wconf 93' lang='lat' dir='ltr'><strong>Dio</strong></span> <span class='ocrx_word' id='word_1_65' title='bbox 2389 981 2638 1069; x_wconf 86' lang='lat' dir='ltr'>Chrys.</span> 
     </span>
     <span class='ocr_line' id='line_1_8' title="bbox 557 1083 2636 1175; baseline -0.006 -19"><span class='ocrx_word' id='word_1_66' title='bbox 557 1091 671 1156; x_wconf 77' lang='lat' dir='ltr'><strong>Or.</strong></span> <span class='ocrx_word' id='word_1_67' title='bbox 705 1089 831 1153; x_wconf 90' lang='lat' dir='ltr'><strong>III.</strong></span> <span class='ocrx_word' id='word_1_68' title='bbox 872 1110 939 1175; x_wconf 93' lang='lat' dir='ltr'><strong>p.</strong></span> <span class='ocrx_word' id='word_1_69' title='bbox 971 1102 1081 1171; x_wconf 85' lang='lat'><strong>47.</strong></span> <span class='ocrx_word' id='word_1_70' title='bbox 1121 1087 1222 1153; x_wconf 84' lang='lat' dir='ltr'><strong>C:</strong></span> <span class='ocrx_word' id='word_1_71' title='bbox 1265 1092 1347 1172; x_wconf 76' lang='grc' dir='ltr'><strong>τῷ</strong></span> <span class='ocrx_word' id='word_1_72' title='bbox 1388 1087 1444 1150; x_wconf 76' lang='grc' dir='ltr'><strong>δὲ</strong></span> <span class='ocrx_word' id='word_1_73' title='bbox 1487 1087 1778 1174; x_wconf 72' lang='grc' dir='ltr'><strong><em>κυβερνήτῃ</em></strong></span> <span class='ocrx_word' id='word_1_74' title='bbox 1826 1083 2044 1170; x_wconf 73' lang='grc' dir='ltr'><strong>ἀνάγκη</strong></span> <span class='ocrx_word' id='word_1_75' title='bbox 2083 1085 2186 1166; x_wconf 70' lang='grc' dir='ltr'><strong>μὲν</strong></span> <span class='ocrx_word' id='word_1_76' title='bbox 2227 1087 2356 1171; x_wconf 71' lang='grc' dir='ltr'><strong>ὁςᾷν</strong></span> <span class='ocrx_word' id='word_1_77' title='bbox 2393 1084 2528 1169; x_wconf 73' lang='grc' dir='ltr'><strong>πρὸς</strong></span> <span class='ocrx_word' id='word_1_78' title='bbox 2561 1083 2636 1146; x_wconf 75' lang='grc' dir='ltr'><strong>τὸ</strong></span> 
     </span>
     <span class='ocr_line' id='line_1_9' title="bbox 552 1183 2656 1280; baseline -0.004 -26"><span class='ocrx_word' id='word_1_79' title='bbox 552 1189 947 1275; x_wconf 73' lang='grc' dir='ltr'><strong>πέλαγος-οὔ</strong></span> <span class='ocrx_word' id='word_1_80' title='bbox 968 1194 1075 1274; x_wconf 79' lang='grc' dir='ltr'><strong>μὴν</strong></span> <span class='ocrx_word' id='word_1_81' title='bbox 1104 1189 1219 1252; x_wconf 70' lang='grc' dir='ltr'><strong>οὖδὶ</strong></span> <span class='ocrx_word' id='word_1_82' title='bbox 1246 1194 1322 1252; x_wconf 81' lang='grc' dir='ltr'><strong>τοὶ</strong></span> <span class='ocrx_word' id='word_1_83' title='bbox 1350 1192 1403 1252; x_wconf 72' lang='grc' dir='ltr'><strong>ἐν</strong></span> <span class='ocrx_word' id='word_1_84' title='bbox 1428 1194 1509 1274; x_wconf 74' lang='grc' dir='ltr'><strong>τῷ</strong></span> <span class='ocrx_word' id='word_1_85' title='bbox 1531 1189 1678 1274; x_wconf 80' lang='grc' dir='ltr'><strong>βυθῷ</strong></span> <span class='ocrx_word' id='word_1_86' title='bbox 1699 1191 1816 1275; x_wconf 66' lang='grc' dir='ltr'><strong>χρὴ</strong></span> <span class='ocrx_word' id='word_1_87' title='bbox 1839 1186 2113 1252; x_wconf 78' lang='grc' dir='ltr'><strong><em>λανθάνειν</em></strong></span> <span class='ocrx_word' id='word_1_88' title='bbox 2129 1187 2316 1263; x_wconf 67' lang='grc' dir='ltr'><strong>αὐτὸν,</strong></span> <span class='ocrx_word' id='word_1_89' title='bbox 2337 1183 2370 1262; x_wconf 77' lang='grc' dir='ltr'>ἢ</span> <span class='ocrx_word' id='word_1_90' title='bbox 2391 1185 2656 1280; x_wconf 69' lang='grc' dir='ltr'><strong>λῆσσται·</strong></span> 
     </span>
     <span class='ocr_line' id='line_1_10' title="bbox 552 1289 2636 1380; baseline -0.004 -22"><span class='ocrx_word' id='word_1_91' title='bbox 552 1295 855 1380; x_wconf 68' lang='grc' dir='ltr'><strong>περιπεσεῖν</strong></span> <span class='ocrx_word' id='word_1_92' title='bbox 892 1292 1119 1374; x_wconf 77' lang='grc' dir='ltr'><strong><em>ὑφάλοις</em></strong></span> <span class='ocrx_word' id='word_1_93' title='bbox 1156 1291 1403 1379; x_wconf 70' lang='grc' dir='ltr'><strong>πέτραις,</strong></span> <span class='ocrx_word' id='word_1_94' title='bbox 1433 1291 1464 1369; x_wconf 73' lang='grc' dir='ltr'>ἢ</span> <span class='ocrx_word' id='word_1_95' title='bbox 1495 1292 1710 1370; x_wconf 76' lang='grc' dir='ltr'>ἀδήλοις</span> <span class='ocrx_word' id='word_1_96' title='bbox 1746 1290 1970 1378; x_wconf 63' lang='grc' dir='ltr'><strong>ἕρμασι.</strong></span> <span class='ocrx_word' id='word_1_97' title='bbox 2044 1289 2156 1355; x_wconf 88' lang='lat' dir='ltr'><strong>Or.</strong></span> <span class='ocrx_word' id='word_1_98' title='bbox 2188 1289 2347 1353; x_wconf 92' lang='lat' dir='ltr'><strong>XII.</strong></span> <span class='ocrx_word' id='word_1_99' title='bbox 2377 1309 2444 1374; x_wconf 93' lang='lat' dir='ltr'><strong>p.</strong></span> <span class='ocrx_word' id='word_1_100' title='bbox 2479 1301 2636 1370; x_wconf 85' lang='lat'><strong>217.</strong></span> 
     </span>
    </p>
   </div>
   <div class='ocr_carea' id='block_1_3' title="bbox 431 1387 2634 1481">
    <p class='ocr_par' dir='ltr' id='par_1_3' title="bbox 431 1387 2634 1481">
     <span class='ocr_line' id='line_1_11' title="bbox 431 1387 2634 1481; baseline -0.003 -21"><span class='ocrx_word' id='word_1_101' title='bbox 431 1441 441 1452; x_wconf 85' lang='lat'><strong>·</strong></span> <span class='ocrx_word' id='word_1_102' title='bbox 560 1394 618 1460; x_wconf 90' lang='lat' dir='ltr'>C</span> <span class='ocrx_word' id='word_1_103' title='bbox 641 1419 658 1458; x_wconf 71' lang='grc' dir='ltr'><em>ε</em></span> <span class='ocrx_word' id='word_1_104' title='bbox 704 1396 920 1480; x_wconf 76' lang='grc' dir='ltr'><strong>στερεὸν</strong></span> <span class='ocrx_word' id='word_1_105' title='bbox 949 1393 1091 1481; x_wconf 69' lang='grc' dir='ltr'><strong>ἕρμα</strong></span> <span class='ocrx_word' id='word_1_106' title='bbox 1117 1392 1468 1481; x_wconf 84' lang='lat' dir='ltr'><strong>legendum</strong></span> <span class='ocrx_word' id='word_1_107' title='bbox 1499 1414 1616 1478; x_wconf 80' lang='lat' dir='ltr'><strong>pro</strong></span> <span class='ocrx_word' id='word_1_108' title='bbox 1644 1395 1860 1480; x_wconf 75' lang='grc' dir='ltr'><strong>στερεὸν</strong></span> <span class='ocrx_word' id='word_1_109' title='bbox 1887 1391 2096 1477; x_wconf 74' lang='grc' dir='ltr'><strong>ἕργμα.</strong></span> <span class='ocrx_word' id='word_1_110' title='bbox 2151 1387 2634 1476; x_wconf 77' lang='lat' dir='ltr'>Harpocration</span> 
     </span>
    </p>
   </div>
   <div class='ocr_carea' id='block_1_4' title="bbox 514 1491 2656 4337">
    <p class='ocr_par' dir='ltr' id='par_1_4' title="bbox 514 1491 2638 2803">
     <span class='ocr_line' id='line_1_12' title="bbox 551 1491 2632 1581; baseline -0.002 -23"><span class='ocrx_word' id='word_1_111' title='bbox 551 1495 791 1581; x_wconf 71' lang='grc' dir='ltr'><strong>Ἑρμᾶς·</strong></span> <span class='ocrx_word' id='word_1_112' title='bbox 837 1493 1045 1577; x_wconf 72' lang='grc' dir='ltr'><strong>ὕφαλος</strong></span> <span class='ocrx_word' id='word_1_113' title='bbox 1068 1491 1264 1581; x_wconf 75' lang='grc' dir='ltr'><strong>πέτρα·</strong></span> <span class='ocrx_word' id='word_1_114' title='bbox 1312 1494 1413 1558; x_wconf 85' lang='lat' dir='ltr'><strong>vix</strong></span> <span class='ocrx_word' id='word_1_115' title='bbox 1441 1493 1712 1559; x_wconf 89' lang='lat' dir='ltr'><strong>dubium</strong></span> <span class='ocrx_word' id='word_1_116' title='bbox 1741 1491 1896 1581; x_wconf 85' lang='lat' dir='ltr'><strong>quin</strong></span> <span class='ocrx_word' id='word_1_117' title='bbox 1933 1491 2004 1556; x_wconf 87' lang='lat' dir='ltr'><strong>fit</strong></span> <span class='ocrx_word' id='word_1_118' title='bbox 2041 1491 2284 1557; x_wconf 88' lang='lat' dir='ltr'><strong>librarii</strong></span> <span class='ocrx_word' id='word_1_119' title='bbox 2309 1512 2487 1554; x_wconf 80' lang='lat' dir='ltr'><strong>error</strong></span> <span class='ocrx_word' id='word_1_120' title='bbox 2510 1511 2632 1576; x_wconf 87' lang='lat' dir='ltr'><strong>pro</strong></span> 
     </span>
     <span class='ocr_line' id='line_1_13' title="bbox 544 1577 2630 1684; baseline -0.002 -24"><span class='ocrx_word' id='word_1_121' title='bbox 544 1595 763 1684; x_wconf 80' lang='grc' dir='ltr'><strong>Ἕρμα.</strong></span> <span class='ocrx_word' id='word_1_122' title='bbox 852 1577 1239 1682; x_wconf 61' lang='grc' dir='ltr'><strong>Ηθῖγοῑιίιιὲ,</strong></span> <span class='ocrx_word' id='word_1_123' title='bbox 1254 1591 1842 1681; x_wconf 74' lang='grc' dir='ltr'><strong>”Ερματα·-ὔφαλοι</strong></span> <span class='ocrx_word' id='word_1_124' title='bbox 1865 1592 2083 1681; x_wconf 76' lang='grc' dir='ltr'><strong>πέτραι.</strong></span> <span class='ocrx_word' id='word_1_125' title='bbox 2170 1595 2246 1656; x_wconf 85' lang='lat' dir='ltr'><strong>In</strong></span> <span class='ocrx_word' id='word_1_126' title='bbox 2275 1591 2457 1656; x_wconf 79' lang='lat' dir='ltr'><strong>fimili</strong></span> <span class='ocrx_word' id='word_1_127' title='bbox 2485 1591 2630 1656; x_wconf 86' lang='lat' dir='ltr'><strong>sen-</strong></span> 
     </span>
     <span class='ocr_line' id='line_1_14' title="bbox 558 1691 2631 1782; baseline -0.002 -20"><span class='ocrx_word' id='word_1_128' title='bbox 558 1696 765 1762; x_wconf 85' lang='lat' dir='ltr'><strong>tentia</strong></span> <span class='ocrx_word' id='word_1_129' title='bbox 806 1694 1348 1782; x_wconf 85' lang='lat' dir='ltr'><strong>comparationem</strong></span> <span class='ocrx_word' id='word_1_130' title='bbox 1393 1695 1628 1782; x_wconf 74' lang='grc' dir='ltr'><strong>ἕρματος</strong></span> <span class='ocrx_word' id='word_1_131' title='bbox 1668 1694 1876 1760; x_wconf 86' lang='lat' dir='ltr'><strong>omifit</strong></span> <span class='ocrx_word' id='word_1_132' title='bbox 1914 1691 2096 1760; x_wconf 88' lang='lat' dir='ltr'><strong>Philo</strong></span> <span class='ocrx_word' id='word_1_133' title='bbox 2123 1693 2274 1772; x_wconf 76' lang='lat' dir='ltr'><strong>Jud.</strong></span> <span class='ocrx_word' id='word_1_134' title='bbox 2302 1695 2404 1760; x_wconf 89' lang='lat' dir='ltr'><strong>De</strong></span> <span class='ocrx_word' id='word_1_135' title='bbox 2433 1694 2631 1758; x_wconf 89' lang='lat' dir='ltr'><strong>Som-</strong></span> 
     </span>
     <span class='ocr_line' id='line_1_15' title="bbox 560 1795 2633 1887; baseline -0.004 -21"><span class='ocrx_word' id='word_1_136' title='bbox 560 1799 685 1866; x_wconf 75' lang='lat' dir='ltr'><strong>niis</strong></span> <span class='ocrx_word' id='word_1_137' title='bbox 726 1815 793 1887; x_wconf 86' lang='lat' dir='ltr'><strong>p.</strong></span> <span class='ocrx_word' id='word_1_138' title='bbox 832 1801 1019 1868; x_wconf 76' lang='lat'>1128.</span> <span class='ocrx_word' id='word_1_139' title='bbox 1051 1800 1149 1865; x_wconf 80' lang='lat' dir='ltr'><strong>D:</strong></span> <span class='ocrx_word' id='word_1_140' title='bbox 1198 1803 1251 1864; x_wconf 71' lang='grc' dir='ltr'><strong>ἐν</strong></span> <span class='ocrx_word' id='word_1_141' title='bbox 1292 1803 1489 1874; x_wconf 72' lang='grc' dir='ltr'><strong>αὐταῖς</strong></span> <span class='ocrx_word' id='word_1_142' title='bbox 1520 1807 1618 1864; x_wconf 81' lang='grc' dir='ltr'><strong>τοῦ</strong></span> <span class='ocrx_word' id='word_1_143' title='bbox 1646 1799 1770 1878; x_wconf 87' lang='grc' dir='ltr'><strong>βίου</strong></span> <span class='ocrx_word' id='word_1_144' title='bbox 1803 1803 1926 1874; x_wconf 78' lang='grc' dir='ltr'><strong>ταῖς</strong></span> <span class='ocrx_word' id='word_1_145' title='bbox 1963 1801 2198 1882; x_wconf 79' lang='grc' dir='ltr'><strong>δυσμαῖς</strong></span> <span class='ocrx_word' id='word_1_146' title='bbox 2237 1795 2633 1876; x_wconf 71' lang='grc' dir='ltr'><strong>ἐξοκείλαντες,</strong></span> 
     </span>
     <span class='ocr_line' id='line_1_16' title="bbox 560 1898 2636 1990; baseline -0.001 -26"><span class='ocrx_word' id='word_1_147' title='bbox 560 1899 593 1979; x_wconf 69' lang='grc' dir='ltr'>ἢ</span> <span class='ocrx_word' id='word_1_148' title='bbox 636 1902 755 1990; x_wconf 69' lang='grc' dir='ltr'><strong>περὶ</strong></span> <span class='ocrx_word' id='word_1_149' title='bbox 797 1909 1065 1987; x_wconf 80' lang='grc' dir='ltr'><strong>γλῶτταν</strong></span> <span class='ocrx_word' id='word_1_150' title='bbox 1106 1898 1315 1987; x_wconf 74' lang='grc' dir='ltr'><strong>ἄθυρον,</strong></span> <span class='ocrx_word' id='word_1_151' title='bbox 1348 1901 1379 1980; x_wconf 75' lang='grc' dir='ltr'>ἢ</span> <span class='ocrx_word' id='word_1_152' title='bbox 1406 1903 1526 1990; x_wconf 66' lang='grc' dir='ltr'><strong>περὶ</strong></span> <span class='ocrx_word' id='word_1_153' title='bbox 1565 1901 1825 1989; x_wconf 66' lang='grc' dir='ltr'><strong>γαστέρα</strong></span> <span class='ocrx_word' id='word_1_154' title='bbox 1863 1899 2169 1979; x_wconf 77' lang='grc' dir='ltr'><strong>ἄπληστον,</strong></span> <span class='ocrx_word' id='word_1_155' title='bbox 2199 1899 2229 1978; x_wconf 71' lang='grc' dir='ltr'>ἢ</span> <span class='ocrx_word' id='word_1_156' title='bbox 2255 1900 2372 1986; x_wconf 71' lang='grc' dir='ltr'><strong>περὶ</strong></span> <span class='ocrx_word' id='word_1_157' title='bbox 2395 1901 2500 1976; x_wconf 70' lang='grc' dir='ltr'><strong>τὴν</strong></span> <span class='ocrx_word' id='word_1_158' title='bbox 2525 1905 2636 1962; x_wconf 79' lang='grc' dir='ltr'><strong>τῶν</strong></span> 
     </span>
     <span class='ocr_line' id='line_1_17' title="bbox 564 1998 2631 2090; baseline -0.002 -23"><span class='ocrx_word' id='word_1_159' title='bbox 564 2002 949 2090; x_wconf 75' lang='grc' dir='ltr'><strong>ὑπογαστρίων</strong></span> <span class='ocrx_word' id='word_1_160' title='bbox 978 2002 1262 2090; x_wconf 74' lang='grc' dir='ltr'><strong>ἀκράτορα</strong></span> <span class='ocrx_word' id='word_1_161' title='bbox 1290 2003 1580 2088; x_wconf 76' lang='grc' dir='ltr'><strong>λαγνείαν.</strong></span> <span class='ocrx_word' id='word_1_162' title='bbox 1654 2003 1763 2068; x_wconf 89' lang='lat' dir='ltr'><strong>Ad</strong></span> <span class='ocrx_word' id='word_1_163' title='bbox 1792 2002 2084 2070; x_wconf 84' lang='lat' dir='ltr'><strong>eamdem</strong></span> <span class='ocrx_word' id='word_1_164' title='bbox 2113 2001 2427 2068; x_wconf 65' lang='lat' dir='ltr'><strong>radonem</strong></span> <span class='ocrx_word' id='word_1_165' title='bbox 2455 1998 2631 2064; x_wconf 82' lang='lat' dir='ltr'><strong>acci-</strong></span> 
     </span>
     <span class='ocr_line' id='line_1_18' title="bbox 566 2103 2634 2193; baseline -0.002 -24"><span class='ocrx_word' id='word_1_166' title='bbox 566 2103 839 2192; x_wconf 79' lang='lat' dir='ltr'><strong>piendus</strong></span> <span class='ocrx_word' id='word_1_167' title='bbox 873 2105 1084 2192; x_wconf 88' lang='lat' dir='ltr'><strong>Lyfias</strong></span> <span class='ocrx_word' id='word_1_168' title='bbox 1126 2104 1301 2193; x_wconf 85' lang='lat' dir='ltr'><strong>apud</strong></span> <span class='ocrx_word' id='word_1_169' title='bbox 1341 2106 1590 2170; x_wconf 90' lang='lat' dir='ltr'><strong>Athen.</strong></span> <span class='ocrx_word' id='word_1_170' title='bbox 1631 2107 1823 2171; x_wconf 74' lang='lat' dir='ltr'><strong>XIII.</strong></span> <span class='ocrx_word' id='word_1_171' title='bbox 1866 2127 1932 2192; x_wconf 91' lang='lat' dir='ltr'><strong>p.</strong></span> <span class='ocrx_word' id='word_1_172' title='bbox 1963 2107 2113 2172; x_wconf 85' lang='lat'>612.</span> <span class='ocrx_word' id='word_1_173' title='bbox 2147 2105 2252 2169; x_wconf 85' lang='lat' dir='ltr'><strong>D:</strong></span> <span class='ocrx_word' id='word_1_174' title='bbox 2299 2103 2418 2190; x_wconf 71' lang='grc' dir='ltr'><strong>περὶ</strong></span> <span class='ocrx_word' id='word_1_175' title='bbox 2443 2108 2634 2166; x_wconf 78' lang='grc' dir='ltr'><strong>τοῦτον</strong></span> 
     </span>
     <span class='ocr_line' id='line_1_19' title="bbox 564 2200 2638 2294; baseline -0.002 -23"><span class='ocrx_word' id='word_1_176' title='bbox 564 2209 659 2271; x_wconf 75' lang='grc' dir='ltr'><strong>τὸν</strong></span> <span class='ocrx_word' id='word_1_177' title='bbox 688 2207 933 2286; x_wconf 73' lang='grc' dir='ltr'><strong>κάπηλον</strong></span> <span class='ocrx_word' id='word_1_178' title='bbox 956 2209 1029 2282; x_wconf 77' lang='grc' dir='ltr'><strong>ὥς</strong></span> <span class='ocrx_word' id='word_1_179' title='bbox 1050 2208 1170 2294; x_wconf 68' lang='grc' dir='ltr'><strong>περὶ</strong></span> <span class='ocrx_word' id='word_1_180' title='bbox 1199 2208 1408 2286; x_wconf 82' lang='grc' dir='ltr'><strong>στῆλην</strong></span> <span class='ocrx_word' id='word_1_181' title='bbox 1437 2206 1842 2292; x_wconf 76' lang='grc' dir='ltr'><strong>διαφθείρονται.</strong></span> <span class='ocrx_word' id='word_1_182' title='bbox 1899 2200 2151 2272; x_wconf 59' lang='grc' dir='ltr'><strong>Βεᾙειο</strong></span> <span class='ocrx_word' id='word_1_183' title='bbox 2184 2204 2447 2272; x_wconf 80' lang='lat' dir='ltr'><strong>notione</strong></span> <span class='ocrx_word' id='word_1_184' title='bbox 2474 2202 2638 2268; x_wconf 82' lang='lat' dir='ltr'><strong>dixit</strong></span> 
     </span>
     <span class='ocr_line' id='line_1_20' title="bbox 568 2304 2637 2395; baseline -0.002 -21"><span class='ocrx_word' id='word_1_185' title='bbox 568 2308 898 2374; x_wconf 85' lang='lat' dir='ltr'><strong>Fischerus</strong></span> <span class='ocrx_word' id='word_1_186' title='bbox 941 2307 1023 2372; x_wconf 88' lang='lat' dir='ltr'><strong>ad</strong></span> <span class='ocrx_word' id='word_1_187' title='bbox 1066 2307 1489 2372; x_wconf 79' lang='lat' dir='ltr'><strong>Anacreontis</strong></span> <span class='ocrx_word' id='word_1_188' title='bbox 1528 2311 1781 2395; x_wconf 87' lang='lat' dir='ltr'><strong>Fragm.</strong></span> <span class='ocrx_word' id='word_1_189' title='bbox 1827 2308 2216 2373; x_wconf 90' lang='lat' dir='ltr'><strong>XXXVIII.</strong></span> <span class='ocrx_word' id='word_1_190' title='bbox 2256 2329 2323 2393; x_wconf 89' lang='lat' dir='ltr'><strong>p.</strong></span> <span class='ocrx_word' id='word_1_191' title='bbox 2362 2323 2517 2391; x_wconf 81' lang='lat'><strong>372.</strong></span> <span class='ocrx_word' id='word_1_192' title='bbox 2553 2304 2637 2370; x_wconf 86' lang='lat' dir='ltr'><strong>de</strong></span> 
     </span>
     <span class='ocr_line' id='line_1_21' title="bbox 568 2407 2632 2497; baseline -0.003 -21"><span class='ocrx_word' id='word_1_193' title='bbox 568 2409 791 2476; x_wconf 84' lang='lat' dir='ltr'><strong>eadem</strong></span> <span class='ocrx_word' id='word_1_194' title='bbox 822 2423 889 2475; x_wconf 90' lang='lat' dir='ltr'><strong>et</strong></span> <span class='ocrx_word' id='word_1_195' title='bbox 918 2409 1055 2473; x_wconf 85' lang='lat' dir='ltr'><strong>aliis</strong></span> <span class='ocrx_word' id='word_1_196' title='bbox 1087 2408 1650 2496; x_wconf 84' lang='lat' dir='ltr'><strong>fignificationibus</strong></span> <span class='ocrx_word' id='word_1_197' title='bbox 1677 2408 1908 2497; x_wconf 78' lang='grc' dir='ltr'><strong>ἕρματος</strong></span> <span class='ocrx_word' id='word_1_198' title='bbox 1937 2408 2179 2474; x_wconf 86' lang='lat' dir='ltr'><strong>notavit</strong></span> <span class='ocrx_word' id='word_1_199' title='bbox 2209 2407 2506 2495; x_wconf 85' lang='lat' dir='ltr'><strong>quaedam</strong></span> <span class='ocrx_word' id='word_1_200' title='bbox 2541 2409 2632 2471; x_wconf 91' lang='lat' dir='ltr'><strong>H.</strong></span> 
     </span>
     <span class='ocr_line' id='line_1_22' title="bbox 514 2507 2638 2598; baseline -0.002 -22"><span class='ocrx_word' id='word_1_201' title='bbox 514 2529 519 2537; x_wconf 85' lang='grc'><em>·</em></span> <span class='ocrx_word' id='word_1_202' title='bbox 568 2508 944 2598; x_wconf 57' lang='lat' dir='ltr'><strong>Stephanus*</strong></span> <span class='ocrx_word' id='word_1_203' title='bbox 958 2510 1149 2574; x_wconf 88' lang='lat' dir='ltr'><strong>Thes.</strong></span> <span class='ocrx_word' id='word_1_204' title='bbox 1183 2511 1299 2576; x_wconf 91' lang='lat' dir='ltr'><strong>Gr.</strong></span> <span class='ocrx_word' id='word_1_205' title='bbox 1326 2512 1403 2574; x_wconf 92' lang='lat' dir='ltr'><strong>L.</strong></span> <span class='ocrx_word' id='word_1_206' title='bbox 1432 2511 1510 2578; x_wconf 92' lang='lat' dir='ltr'><strong>T.</strong></span> <span class='ocrx_word' id='word_1_207' title='bbox 1542 2512 1597 2575; x_wconf 94' lang='lat' dir='ltr'><strong>I.</strong></span> <span class='ocrx_word' id='word_1_208' title='bbox 1628 2531 1695 2598; x_wconf 90' lang='lat' dir='ltr'><strong>p.</strong></span> <span class='ocrx_word' id='word_1_209' title='bbox 1731 2531 1757 2574; x_wconf 94' lang='lat'>1</span> <span class='ocrx_word' id='word_1_210' title='bbox 1776 2507 1918 2596; x_wconf 76' lang='lat'>143.</span> <span class='ocrx_word' id='word_1_211' title='bbox 1992 2510 2286 2576; x_wconf 81' lang='lat' dir='ltr'><strong>Alteram</strong></span> <span class='ocrx_word' id='word_1_212' title='bbox 2317 2508 2489 2576; x_wconf 83' lang='lat' dir='ltr'><strong>illam</strong></span> <span class='ocrx_word' id='word_1_213' title='bbox 2499 2508 2638 2595; x_wconf 84' lang='lat' dir='ltr'><strong>fir-</strong></span> 
     </span>
     <span class='ocr_line' id='line_1_23' title="bbox 570 2612 2642 2702; baseline 0 -25"><span class='ocrx_word' id='word_1_214' title='bbox 570 2612 851 2678; x_wconf 68' lang='lat' dir='ltr'><strong>momenti</strong></span> <span class='ocrx_word' id='word_1_215' title='bbox 885 2624 954 2678; x_wconf 87' lang='lat' dir='ltr'><strong>et</strong></span> <span class='ocrx_word' id='word_1_216' title='bbox 976 2612 1200 2699; x_wconf 77' lang='lat' dir='ltr'><strong>fider-i,</strong></span> <span class='ocrx_word' id='word_1_217' title='bbox 1248 2613 1682 2702; x_wconf 83' lang='lat' dir='ltr'><strong>compluribus</strong></span> <span class='ocrx_word' id='word_1_218' title='bbox 1724 2614 2167 2680; x_wconf 82' lang='lat' dir='ltr'><strong>tralationibus</strong></span> <span class='ocrx_word' id='word_1_219' title='bbox 2210 2613 2642 2700; x_wconf 86' lang='lat' dir='ltr'><strong>frequentem,</strong></span> 
     </span>
     <span class='ocr_line' id='line_1_24' title="bbox 570 2714 1164 2803; baseline 0.003 -24"><span class='ocrx_word' id='word_1_220' title='bbox 570 2714 720 2782; x_wconf 82' lang='lat' dir='ltr'><strong>alibi</strong></span> <span class='ocrx_word' id='word_1_221' title='bbox 748 2715 1164 2803; x_wconf 79' lang='lat' dir='ltr'><strong>attingemus·</strong></span> 
     </span>
    </p>

    <p class='ocr_par' dir='ltr' id='par_1_5' title="bbox 570 2817 2640 3009">
     <span class='ocr_line' id='line_1_25' title="bbox 654 2817 2640 2920; baseline -0.001 -38"><span class='ocrx_word' id='word_1_222' title='bbox 654 2835 805 2904; x_wconf 86' lang='lat'><strong>319.</strong></span> <span class='ocrx_word' id='word_1_223' title='bbox 828 2820 900 2882; x_wconf 92' lang='lat' dir='ltr'><strong>F.</strong></span> <span class='ocrx_word' id='word_1_224' title='bbox 929 2817 1175 2904; x_wconf 71' lang='grc' dir='ltr'><strong>Λέγεται</strong></span> <span class='ocrx_word' id='word_1_225' title='bbox 1195 2819 1251 2882; x_wconf 78' lang='grc' dir='ltr'><strong>δὲ</strong></span> <span class='ocrx_word' id='word_1_226' title='bbox 1267 2823 1867 2920; x_wconf 71' lang='grc' dir='ltr'><strong>πολλῆς-μεταβᾶσα</strong></span> <span class='ocrx_word' id='word_1_227' title='bbox 1883 2823 2012 2906; x_wconf 77' lang='grc' dir='ltr'><strong>πρὸς</strong></span> <span class='ocrx_word' id='word_1_228' title='bbox 2030 2819 2212 2884; x_wconf 77' lang='grc' dir='ltr'><strong>αὐτόν.</strong></span> <span class='ocrx_word' id='word_1_229' title='bbox 2215 2821 2244 2905; x_wconf 93' lang='grc'>]</span> <span class='ocrx_word' id='word_1_230' title='bbox 2276 2817 2515 2886; x_wconf 85' lang='lat' dir='ltr'><strong>Eadem</strong></span> <span class='ocrx_word' id='word_1_231' title='bbox 2539 2839 2640 2882; x_wconf 83' lang='lat' dir='ltr'><strong>res</strong></span> 
     </span>
     <span class='ocr_line' id='line_1_26' title="bbox 570 2912 2641 3009; baseline 0 -25"><span class='ocrx_word' id='word_1_232' title='bbox 570 2918 793 2986; x_wconf 84' lang='lat' dir='ltr'><strong>iisdem</strong></span> <span class='ocrx_word' id='word_1_233' title='bbox 820 2920 953 2986; x_wconf 85' lang='lat' dir='ltr'><strong>fere</strong></span> <span class='ocrx_word' id='word_1_234' title='bbox 982 2920 1185 2986; x_wconf 78' lang='lat' dir='ltr'><strong>verbis</strong></span> <span class='ocrx_word' id='word_1_235' title='bbox 1224 2935 1515 2988; x_wconf 80' lang='lat' dir='ltr'><strong>narratur</strong></span> <span class='ocrx_word' id='word_1_236' title='bbox 1541 2945 1580 2987; x_wconf 91' lang='lat' dir='ltr'><strong>a</strong></span> <span class='ocrx_word' id='word_1_237' title='bbox 1609 2912 1996 2988; x_wconf 80' lang='lat' dir='ltr'><strong>Plutarcho</strong></span> <span class='ocrx_word' id='word_1_238' title='bbox 1980 2946 2046 2986; x_wconf 87' lang='lat' dir='ltr'><strong>m</strong></span> <span class='ocrx_word' id='word_1_239' title='bbox 2077 2923 2238 2987; x_wconf 89' lang='lat' dir='ltr'><strong>Ant.</strong></span> <span class='ocrx_word' id='word_1_240' title='bbox 2270 2942 2338 3009; x_wconf 95' lang='grc' dir='ltr'><strong>Ρ.</strong></span> <span class='ocrx_word' id='word_1_241' title='bbox 2365 2940 2517 3008; x_wconf 84' lang='grc'><strong>930.</strong></span> <span class='ocrx_word' id='word_1_242' title='bbox 2548 2921 2641 2984; x_wconf 90' lang='lat' dir='ltr'><strong>D.</strong></span> 
     </span>
    </p>

    <p class='ocr_par' dir='ltr' id='par_1_6' title="bbox 572 3022 2656 4129">
     <span class='ocr_line' id='line_1_27' title="bbox 656 3022 2646 3110; baseline -0.001 -24"><span class='ocrx_word' id='word_1_243' title='bbox 656 3044 722 3110; x_wconf 90' lang='lat' dir='ltr'><strong>p.</strong></span> <span class='ocrx_word' id='word_1_244' title='bbox 746 3039 903 3109; x_wconf 76' lang='lat'>320.</span> <span class='ocrx_word' id='word_1_245' title='bbox 933 3023 1192 3106; x_wconf 82' lang='lat' dir='ltr'><strong>A—F.]</strong></span> <span class='ocrx_word' id='word_1_246' title='bbox 1222 3024 1395 3088; x_wconf 86' lang='lat' dir='ltr'><strong>Haec·</strong></span> <span class='ocrx_word' id='word_1_247' title='bbox 1415 3023 1732 3090; x_wconf 82' lang='lat' dir='ltr'><strong>rhetorice</strong></span> <span class='ocrx_word' id='word_1_248' title='bbox 1759 3025 1882 3088; x_wconf 87' lang='lat' dir='ltr'><strong>hoc</strong></span> <span class='ocrx_word' id='word_1_249' title='bbox 1910 3025 2056 3090; x_wconf 85' lang='lat' dir='ltr'><strong>loeo</strong></span> <span class='ocrx_word' id='word_1_250' title='bbox 2083 3023 2404 3110; x_wconf 84' lang='lat' dir='ltr'><strong>explicita,</strong></span> <span class='ocrx_word' id='word_1_251' title='bbox 2436 3022 2646 3110; x_wconf 84' lang='lat' dir='ltr'><strong>magis</strong></span> 
     </span>
     <span class='ocr_line' id='line_1_28' title="bbox 572 3123 2644 3213; baseline 0 -25"><span class='ocrx_word' id='word_1_252' title='bbox 572 3123 864 3190; x_wconf 83' lang='lat' dir='ltr'><strong>historice</strong></span> <span class='ocrx_word' id='word_1_253' title='bbox 894 3138 1232 3191; x_wconf 83' lang='lat' dir='ltr'><strong>narrantur</strong></span> <span class='ocrx_word' id='word_1_254' title='bbox 1256 3126 1320 3190; x_wconf 89' lang='lat' dir='ltr'><strong>in</strong></span> <span class='ocrx_word' id='word_1_255' title='bbox 1354 3126 1510 3192; x_wconf 89' lang='lat' dir='ltr'><strong>Vita</strong></span> <span class='ocrx_word' id='word_1_256' title='bbox 1542 3127 1798 3194; x_wconf 87' lang='lat' dir='ltr'><strong>Romuli</strong></span> <span class='ocrx_word' id='word_1_257' title='bbox 1828 3129 2160 3213; x_wconf 74' lang='lat' dir='ltr'><strong>p.&#39;&#39;19-2&#39;1</strong></span> <span class='ocrx_word' id='word_1_258' title='bbox 2177 3173 2193 3190; x_wconf 95' lang='lat'>.</span> <span class='ocrx_word' id='word_1_259' title='bbox 2253 3127 2377 3191; x_wconf 86' lang='lat' dir='ltr'><strong>Res</strong></span> <span class='ocrx_word' id='word_1_260' title='bbox 2403 3123 2644 3188; x_wconf 87' lang='lat' dir='ltr'><strong>decan-</strong></span> 
     </span>
     <span class='ocr_line' id='line_1_29' title="bbox 575 3225 2642 3316; baseline 0.001 -29"><span class='ocrx_word' id='word_1_261' title='bbox 575 3235 744 3289; x_wconf 85' lang='lat' dir='ltr'><strong>tata:</strong></span> <span class='ocrx_word' id='word_1_262' title='bbox 792 3225 1024 3312; x_wconf 85' lang='lat' dir='ltr'><strong>partim</strong></span> <span class='ocrx_word' id='word_1_263' title='bbox 1070 3249 1211 3291; x_wconf 91' lang='lat' dir='ltr'><strong>eam</strong></span> <span class='ocrx_word' id='word_1_264' title='bbox 1256 3227 1591 3314; x_wconf 82' lang='lat' dir='ltr'><strong>attigimus</strong></span> <span class='ocrx_word' id='word_1_265' title='bbox 1638 3228 1878 3294; x_wconf 81' lang='lat' dir='ltr'><strong>Quaest.</strong></span> <span class='ocrx_word' id='word_1_266' title='bbox 1919 3229 2108 3294; x_wconf 89' lang='lat' dir='ltr'><strong>Rom.</strong></span> <span class='ocrx_word' id='word_1_267' title='bbox 2139 3225 2352 3316; x_wconf 30' lang='lat' dir='ltr'><strong>ua&#39;ap.</strong></span> <span class='ocrx_word' id='word_1_268' title='bbox 2383 3226 2534 3294; x_wconf 82' lang='lat'><strong>268.</strong></span> <span class='ocrx_word' id='word_1_269' title='bbox 2562 3227 2642 3290; x_wconf 89' lang='lat' dir='ltr'><strong>E.</strong></span> 
     </span>
     <span class='ocr_line' id='line_1_30' title="bbox 578 3325 2643 3416; baseline 0.001 -28"><span class='ocrx_word' id='word_1_270' title='bbox 578 3326 654 3389; x_wconf 89' lang='lat' dir='ltr'><strong>In</strong></span> <span class='ocrx_word' id='word_1_271' title='bbox 681 3326 948 3391; x_wconf 86' lang='lat' dir='ltr'><strong>fratrum</strong></span> <span class='ocrx_word' id='word_1_272' title='bbox 979 3328 1139 3407; x_wconf 86' lang='lat' dir='ltr'><strong>satu,</strong></span> <span class='ocrx_word' id='word_1_273' title='bbox 1164 3340 1237 3393; x_wconf 89' lang='lat' dir='ltr'><strong>ut</strong></span> <span class='ocrx_word' id='word_1_274' title='bbox 1265 3327 1333 3392; x_wconf 84' lang='lat' dir='ltr'><strong>in</strong></span> <span class='ocrx_word' id='word_1_275' title='bbox 1363 3328 1692 3407; x_wconf 67' lang='lat' dir='ltr'><strong>Herculia,</strong></span> <span class='ocrx_word' id='word_1_276' title='bbox 1711 3327 1974 3416; x_wconf 81' lang='lat' dir='ltr'><strong>longam</strong></span> <span class='ocrx_word' id='word_1_277' title='bbox 2004 3329 2264 3394; x_wconf 63' lang='lat' dir='ltr'><strong>noctem</strong></span> <span class='ocrx_word' id='word_1_278' title='bbox 2291 3342 2362 3392; x_wconf 88' lang='lat' dir='ltr'><strong>et</strong></span> <span class='ocrx_word' id='word_1_279' title='bbox 2385 3325 2643 3413; x_wconf 85' lang='lat' dir='ltr'><strong>eclipfin</strong></span> 
     </span>
     <span class='ocr_line' id='line_1_31' title="bbox 576 3426 2650 3518; baseline 0.001 -26"><span class='ocrx_word' id='word_1_280' title='bbox 576 3426 779 3507; x_wconf 82' lang='lat' dir='ltr'><strong>fuifl&#39;e,</strong></span> <span class='ocrx_word' id='word_1_281' title='bbox 810 3428 967 3494; x_wconf 87' lang='lat' dir='ltr'><strong>item</strong></span> <span class='ocrx_word' id='word_1_282' title='bbox 1008 3428 1401 3496; x_wconf 87' lang='lat' dir='ltr'><strong>rhetoricum</strong></span> <span class='ocrx_word' id='word_1_283' title='bbox 1445 3431 1554 3510; x_wconf 87' lang='lat' dir='ltr'><strong>est,</strong></span> <span class='ocrx_word' id='word_1_284' title='bbox 1597 3444 1666 3496; x_wconf 88' lang='lat' dir='ltr'><strong>et</strong></span> <span class='ocrx_word' id='word_1_285' title='bbox 1702 3431 1896 3496; x_wconf 89' lang='lat' dir='ltr'><strong>fuerit</strong></span> <span class='ocrx_word' id='word_1_286' title='bbox 1933 3431 2280 3518; x_wconf 87' lang='lat' dir='ltr'><strong>proditum,</strong></span> <span class='ocrx_word' id='word_1_287' title='bbox 2311 3443 2388 3496; x_wconf 87' lang='lat' dir='ltr'><strong>ut</strong></span> <span class='ocrx_word' id='word_1_288' title='bbox 2417 3429 2542 3494; x_wconf 85' lang='lat' dir='ltr'><strong>alia</strong></span> <span class='ocrx_word' id='word_1_289' title='bbox 2568 3429 2650 3494; x_wconf 90' lang='lat' dir='ltr'><strong>de</strong></span> 
     </span>
     <span class='ocr_line' id='line_1_32' title="bbox 576 3527 2648 3620; baseline 0.002 -28"><span class='ocrx_word' id='word_1_290' title='bbox 576 3527 705 3596; x_wconf 88' lang='lat' dir='ltr'><strong>hoc</strong></span> <span class='ocrx_word' id='word_1_291' title='bbox 732 3543 1149 3612; x_wconf 83' lang='lat' dir='ltr'><strong>ortu‚,tamen</strong></span> <span class='ocrx_word' id='word_1_292' title='bbox 1181 3533 1262 3598; x_wconf 89' lang='lat' dir='ltr'><strong>ab</strong></span> <span class='ocrx_word' id='word_1_293' title='bbox 1291 3532 1623 3611; x_wconf 80' lang='lat' dir='ltr'><strong>historicis,</strong></span> <span class='ocrx_word' id='word_1_294' title='bbox 1657 3556 1737 3598; x_wconf 91' lang='lat' dir='ltr'><strong>ne</strong></span> <span class='ocrx_word' id='word_1_295' title='bbox 1766 3547 1840 3598; x_wconf 90' lang='lat' dir='ltr'><strong>ut</strong></span> <span class='ocrx_word' id='word_1_296' title='bbox 1869 3533 2152 3599; x_wconf 87' lang='lat' dir='ltr'><strong>fabulam</strong></span> <span class='ocrx_word' id='word_1_297' title='bbox 2183 3531 2472 3620; x_wconf 89' lang='lat' dir='ltr'><strong>quidem,</strong></span> <span class='ocrx_word' id='word_1_298' title='bbox 2507 3555 2648 3597; x_wconf 86' lang='lat' dir='ltr'><strong>me-</strong></span> 
     </span>
     <span class='ocr_line' id='line_1_33' title="bbox 578 3633 2654 3724; baseline 0 -26"><span class='ocrx_word' id='word_1_299' title='bbox 578 3645 899 3700; x_wconf 80' lang='lat' dir='ltr'><strong>moratam</strong></span> <span class='ocrx_word' id='word_1_300' title='bbox 936 3635 1368 3700; x_wconf 80' lang='lat' dir='ltr'><strong>meminimus.</strong></span> <span class='ocrx_word' id='word_1_301' title='bbox 1458 3634 1654 3723; x_wconf 76' lang='lat' dir='ltr'><strong>Quod</strong></span> <span class='ocrx_word' id='word_1_302' title='bbox 1686 3635 1981 3724; x_wconf 87' lang='lat' dir='ltr'><strong>vulgatur</strong></span> <span class='ocrx_word' id='word_1_303' title='bbox 2004 3633 2352 3720; x_wconf 63' lang='grc' dir='ltr'><strong>περιέπτυξε,</strong></span> <span class='ocrx_word' id='word_1_304' title='bbox 2377 3633 2654 3721; x_wconf 86' lang='lat' dir='ltr'><strong>probum</strong></span> 
     </span>
     <span class='ocr_line' id='line_1_34' title="bbox 576 3736 2656 3824; baseline 0 -25"><span class='ocrx_word' id='word_1_305' title='bbox 576 3747 645 3799; x_wconf 89' lang='lat' dir='ltr'><strong>et</strong></span> <span class='ocrx_word' id='word_1_306' title='bbox 672 3737 756 3802; x_wconf 85' lang='lat' dir='ltr'><strong>ab</strong></span> <span class='ocrx_word' id='word_1_307' title='bbox 784 3737 1083 3803; x_wconf 79' lang='lat' dir='ltr'><strong>omnibus</strong></span> <span class='ocrx_word' id='word_1_308' title='bbox 1117 3736 1294 3803; x_wconf 86' lang='lat' dir='ltr'><strong>libris</strong></span> <span class='ocrx_word' id='word_1_309' title='bbox 1340 3737 1690 3816; x_wconf 84' lang='lat' dir='ltr'><strong>firmatum,</strong></span> <span class='ocrx_word' id='word_1_310' title='bbox 1721 3751 1992 3824; x_wconf 83' lang='lat' dir='ltr'><strong>excepto</strong></span> <span class='ocrx_word' id='word_1_311' title='bbox 2025 3736 2386 3816; x_wconf 82' lang='lat' dir='ltr'><strong>PetavianO,</strong></span> <span class='ocrx_word' id='word_1_312' title='bbox 2417 3757 2498 3800; x_wconf 85' lang='lat' dir='ltr'><strong>ex</strong></span> <span class='ocrx_word' id='word_1_313' title='bbox 2523 3758 2656 3822; x_wconf 90' lang='lat' dir='ltr'><strong>quo</strong></span> 
     </span>
     <span class='ocr_line' id='line_1_35' title="bbox 578 3837 2656 3927; baseline -0.001 -23"><span class='ocrx_word' id='word_1_314' title='bbox 578 3851 957 3904; x_wconf 83' lang='lat' dir='ltr'><strong>annotatum</strong></span> <span class='ocrx_word' id='word_1_315' title='bbox 1002 3839 1090 3903; x_wconf 87' lang='lat' dir='ltr'><strong>est</strong></span> <span class='ocrx_word' id='word_1_316' title='bbox 1130 3837 1468 3926; x_wconf 74' lang='grc' dir='ltr'><strong>τεριίστηξε·</strong></span> <span class='ocrx_word' id='word_1_317' title='bbox 1519 3838 1692 3926; x_wconf 84' lang='lat' dir='ltr'><strong>quod</strong></span> <span class='ocrx_word' id='word_1_318' title='bbox 1735 3839 1930 3906; x_wconf 88' lang='lat' dir='ltr'><strong>miror</strong></span> <span class='ocrx_word' id='word_1_319' title='bbox 1971 3837 2267 3927; x_wconf 82' lang='lat' dir='ltr'><strong>placuiss‘e</strong></span> <span class='ocrx_word' id='word_1_320' title='bbox 2301 3837 2656 3904; x_wconf 88' lang='lat' dir='ltr'><strong>Abrescbio</strong></span> 
     </span>
     <span class='ocr_line' id='line_1_36' title="bbox 577 3938 2653 4034; baseline -0 -28"><span class='ocrx_word' id='word_1_321' title='bbox 577 3938 867 4006; x_wconf 81' lang='lat' dir='ltr'><strong>Dilucid.</strong></span> <span class='ocrx_word' id='word_1_322' title='bbox 896 3938 1197 4027; x_wconf 84' lang='lat' dir='ltr'><strong>Thucyd.</strong></span> <span class='ocrx_word' id='word_1_323' title='bbox 1226 3961 1295 4034; x_wconf 74' lang='lat' dir='ltr'><strong>p.</strong></span> <span class='ocrx_word' id='word_1_324' title='bbox 1324 3942 1476 4026; x_wconf 82' lang='lat'><strong>562·</strong></span> <span class='ocrx_word' id='word_1_325' title='bbox 1567 3940 1812 4009; x_wconf 79' lang='lat' dir='ltr'><strong>Ibidem</strong></span> <span class='ocrx_word' id='word_1_326' title='bbox 1842 3940 1951 4005; x_wconf 79' lang='grc' dir='ltr'><strong>τῶν</strong></span> <span class='ocrx_word' id='word_1_327' title='bbox 1979 3941 2236 4026; x_wconf 76' lang='grc' dir='ltr'><strong>σκύμνων</strong></span> <span class='ocrx_word' id='word_1_328' title='bbox 2257 3940 2653 4021; x_wconf 68' lang='grc' dir='ltr'><strong>ἀπολωλότων,</strong></span> 
     </span>
     <span class='ocr_line' id='line_1_37' title="bbox 578 4040 2045 4129; baseline 0.001 -25"><span class='ocrx_word' id='word_1_329' title='bbox 578 4045 715 4120; x_wconf 76' lang='grc' dir='ltr'><strong>αὐτὴ</strong></span> <span class='ocrx_word' id='word_1_330' title='bbox 738 4067 849 4129; x_wconf 73' lang='grc' dir='ltr'><strong>χς.</strong></span> <span class='ocrx_word' id='word_1_331' title='bbox 880 4040 1251 4108; x_wconf 79' lang='lat' dir='ltr'><strong>concinnius</strong></span> <span class='ocrx_word' id='word_1_332' title='bbox 1285 4042 1378 4122; x_wconf 86' lang='lat' dir='ltr'><strong>fit,</strong></span> <span class='ocrx_word' id='word_1_333' title='bbox 1401 4067 1459 4108; x_wconf 89' lang='grc' dir='ltr'><strong>τ.</strong></span> <span class='ocrx_word' id='word_1_334' title='bbox 1489 4068 1590 4106; x_wconf 87' lang='grc' dir='ltr'><strong>σκ.</strong></span> <span class='ocrx_word' id='word_1_335' title='bbox 1620 4047 1723 4107; x_wconf 73' lang='grc' dir='ltr'><strong>ἀπ.</strong></span> <span class='ocrx_word' id='word_1_336' title='bbox 1752 4047 1912 4129; x_wconf 72' lang='grc' dir='ltr'><strong>αὐτῇ,</strong></span> <span class='ocrx_word' id='word_1_337' title='bbox 1935 4069 2045 4129; x_wconf 79' lang='grc' dir='ltr'><strong>χρ.</strong></span> 
     </span>
    </p>

    <p class='ocr_par' dir='ltr' id='par_1_7' title="bbox 582 4142 2654 4337">
     <span class='ocr_line' id='line_1_38' title="bbox 642 4142 2654 4239; baseline -0.001 -28"><span class='ocrx_word' id='word_1_338' title='bbox 642 4187 647 4194; x_wconf 88' lang='lat'>·</span> <span class='ocrx_word' id='word_1_339' title='bbox 663 4162 814 4228; x_wconf 84' lang='lat'><strong>320.</strong></span> <span class='ocrx_word' id='word_1_340' title='bbox 848 4145 917 4208; x_wconf 89' lang='lat' dir='ltr'><strong>F.</strong></span> <span class='ocrx_word' id='word_1_341' title='bbox 964 4143 1440 4228; x_wconf 68' lang='grc' dir='ltr'><strong>Θεμιστοκλέους]</strong></span> <span class='ocrx_word' id='word_1_342' title='bbox 1493 4142 1878 4239; x_wconf 63' lang='grc' dir='ltr'><strong>Νοῖανίωιιε</strong></span> <span class='ocrx_word' id='word_1_343' title='bbox 1922 4144 2160 4232; x_wconf 62' lang='lat' dir='ltr'><strong>Quaest.</strong></span> <span class='ocrx_word' id='word_1_344' title='bbox 2207 4144 2397 4231; x_wconf 81' lang='lat' dir='ltr'><strong>Rom.</strong></span> <span class='ocrx_word' id='word_1_345' title='bbox 2446 4143 2550 4208; x_wconf 82' lang='grc' dir='ltr'><strong>κε’.</strong></span> <span class='ocrx_word' id='word_1_346' title='bbox 2590 4165 2654 4232; x_wconf 87' lang='lat' dir='ltr'><strong>p.</strong></span> 
     </span>
     <span class='ocr_line' id='line_1_39' title="bbox 582 4244 2041 4337; baseline -0.001 -26"><span class='ocrx_word' id='word_1_347' title='bbox 582 4259 730 4337; x_wconf 72' lang='lat'><strong>270.</strong></span> <span class='ocrx_word' id='word_1_348' title='bbox 758 4247 832 4310; x_wconf 89' lang='lat' dir='ltr'><strong>B.</strong></span> <span class='ocrx_word' id='word_1_349' title='bbox 910 4245 1027 4310; x_wconf 85' lang='lat' dir='ltr'><strong>Pro</strong></span> <span class='ocrx_word' id='word_1_350' title='bbox 1057 4245 1373 4333; x_wconf 65' lang='grc' dir='ltr'><strong>ὑστέραν-Β</strong></span> <span class='ocrx_word' id='word_1_351' title='bbox 1404 4245 1518 4310; x_wconf 85' lang='lat' dir='ltr'><strong>dat</strong></span> <span class='ocrx_word' id='word_1_352' title='bbox 1543 4244 1857 4333; x_wconf 77' lang='grc' dir='ltr'><strong>ὑστεραίαν.</strong></span> <span class='ocrx_word' id='word_1_353' title='bbox 2032 4263 2041 4271; x_wconf 85' lang='grc'><strong>“</strong></span> 
     </span>
    </p>
   </div>
  </div>
 </body>
</html>
