2850 4817
576 399 703 458 320
792 383 801 393 ‘
866 380 947 440 D.
989 379 1088 440 W.
1128 381 1530 442 ANIMADV.
1573 381 1664 440 IN
1705 379 2179 440 PLUTARCHI
2217 372 2416 440 L113.'

572 540 949 628 praeelaram
994 540 1349 607 editionem
1376 563 1417 606 a
1445 541 1578 606 viro
1614 540 1906 629 egregiO,
1937 539 2048 627 qui
2075 563 2285 627 nuper
2313 540 2681 606 admodum

571 643 775 708 literis
819 643 1039 710 nostris
1082 643 1432 709 immatura
1449 655 1679 708 morte
1721 656 1985 731 ereptus
2013 644 2126 724 est,
2155 643 2548 709 inchoatam
2581 666 2676 708 re-

568 744 787 811 lietam
814 745 960 824 effe,
988 745 1401 812 vehementer
1424 744 1746 810 dolemus,

652 848 807 933 548.
838 849 919 915 E.
965 851 1041 912 Αἰ
1069 848 1125 911 δὲ
1152 849 1252 912 ὑπὸ
1278 851 1455 934 χεῖςα
1479 851 1596 923 τοῖς
1620 847 1996 930 τολμωμένοις
2022 852 2354 912 ἀπαντῶσαι
2399 847 2669 936 τιμωρίαι

566 975 627 1015 κ.
668 975 727 1013 τ.
773 950 865 1034 a]
920 947 1028 1014 Sic
1066 947 1235 1013 Edd.
1272 963 1339 1013 et
1372 948 1552 1015 MSti
1594 969 1822 1014 omnes
1863 949 1964 1012 ὑπὸ
1993 951 2192 1034 χεῖρα,
2221 961 2464 1035 praeter
2491 948 2666 1016 Voff.

460 1057 543 1119 15
568 1051 683 1139 qui
722 1055 832 1114 ἀνὰ
869 1053 1043 1136 χεῖρα
1086 1051 1305 1131 habet,
1342 1050 1522 1136 quod
1565 1061 1783 1116 tamen
1828 1050 2150 1115 recentior
2189 1073 2426 1115 manus
2456 1050 2530 1114 in
2571 1051 2662 1113 ὑπὸ

558 1155 737 1240 χεῖρα
772 1152 1068 1217 mutavit.
1159 1155 1323 1218 Haec
1365 1151 1564 1218 diaio
1607 1152 1678 1217 h.
1713 1151 1778 1216 l..
1799 1165 1876 1216 ut
1908 1152 2223 1238 interpres
2253 1152 2451 1216 etiam
2481 1151 2656 1232 vidit,

540 1253 781 1337 statim,
808 1267 1057 1342 promte,
1090 1271 1317 1320 notare
1352 1254 1573 1336 debet,
1606 1276 2000 1341 quamquam
2039 1254 2164 1319 hac
2201 1253 2656 1340 significatione

562 1355 863 1421 rariffime
888 1356 1192 1422 occurrit.
1283 1358 1361 1420 In
1393 1355 1742 1422 Plutarcho
1770 1355 1996 1422 saltem
2031 1355 2169 1422 bini
2211 1367 2452 1442 praeter
2483 1355 2648 1420 hunc

558 1457 691 1524 loci
721 1460 893 1539 sunt,
920 1459 1035 1525 ubi
1064 1459 1289 1524 eadem
1320 1459 1587 1546 ponitur
1617 1460 1968 1546 potestatet
1999 1457 2213 1523 Discr.
2239 1457 2374 1521 Ad.
2407 1470 2476 1521 et
2495 1459 2642 1522 Am.

560 1581 628 1648 p.
650 1563 763 1647 56.
787 1563 867 1627 Β.
897 1567 971 1648 εἰς
994 1563 1059 1626 τὸ
1086 1565 1259 1651 παςδν
1284 1563 1421 1627 εἰσὶν
1451 1561 1596 1629 οὗτοι
1625 1565 1724 1626 καὶ
1747 1567 1826 1627 τὰ
1851 1563 1952 1626 ὑπὸ
1968 1565 2146 1648 χεῖρα
2167 1563 2450 1648 βλαβεροὶ
2473 1560 2639 1642 μόνον.

556 1677 629 1730 et
666 1668 870 1730 Arato
914 1687 991 1752 p.
1025 1667 1216 1733 1028.
1260 1666 1342 1731 C.
1384 1665 1468 1730 de
1509 1664 1992 1731 commentariis
2035 1685 2200 1750 quos
2244 1663 2634 1750 conscripsit:

556 1766 849 1854 παρέργως
878 1767 975 1831 καὶ
1002 1781 1036 1828 ὅ
1051 1769 1151 1832 ὑπὸ
1176 1771 1350 1854 χεῖρα
1375 1770 1466 1831 διὰ
1491 1775 1601 1832 τῶν
1629 1765 2000 1853 ἐπιτυχόντων
2025 1765 2327 1846 ὀνομάτων.
2404 1766 2630 1830 Eadem

556 1868 725 1933 ratio
766 1869 854 1934 est
895 1869 962 1934 in
1007 1873 1061 1934 ἐν
1099 1870 1272 1957 χερσὶ
1316 1881 1383 1934 et
1424 1867 1684 1954 ὑπόγειος,
1728 1891 1876 1955 quae
1920 1866 2275 1954 fignificant
2310 1866 2384 1930 id
2403 1868 2630 1955 quadiu

556 1971 851 2052 manibus,
870 1975 1139 2061 praesens
1166 1971 1264 2059 est.
1355 1971 1464 2038 Sic
1508 1970 1726 2035 Latini
1771 1970 1998 2035 dicunt
2017 1969 2145 2056 sub
2180 1993 2364 2032 manu
2408 1969 2504 2034 vel
2519 1971 2627 2057 sub

552 2097 824 2140 manum.
914 2076 1159 2140 Seneca
1200 2077 1324 2162 Ep.
1374 2089 1482 2158 71.
1527 2071 1826 2158 consilium
1846 2072 1973 2160 sub
2003 2095 2214 2150 manu,
2258 2073 2420 2158 quod
2447 2074 2622 2151 aiunt,

552 2179 859 2264 nascatur.
948 2179 1219 2243 Sueten.
1265 2177 1448 2264 Aug.
1493 2195 1605 2260 49.
1655 2199 1770 2264 quo
1821 2174 2088 2239 celeriter
2131 2199 2206 2238 ac
2227 2175 2356 2261 sub
2407 2199 2622 2239 manum

468 2316 475 2327 ·
554 2280 913 2344 annunciari
952 2280 1326 2369 cognoscique
1362 2279 1511 2367 poff
1485 2291 1558 2343 t
1604 2277 1719 2344 ubi
1763 2280 2068 2342 Graecum
2114 2277 2388 2364 ὑπογυίως
2428 2291 2493 2341 et
2529 2277 2616 2339 ὑπὸ

424 2409 431 2420 ⁸
547 2385 726 2470 χεῗςα
778 2375 1170 2469 comparavit
1220 2384 1301 2448 Is.
1354 2381 1718 2448 casaubon.
1742 2417 1832 2431 --
1854 2383 1978 2445 Pro
2034 2379 2404 2466 τολμωμένοις
2459 2378 2613 2446 Coll.

551 2484 809 2548 Sehott.
840 2497 908 2549 et
937 2486 1154 2573 Marg.
1191 2485 1361 2550 Cod.
1392 2483 1708 2573 Xylandr.
1737 2482 1980 2549 habent
2003 2482 2336 2569 γενομένοις.

634 2587 785 2670 548.
818 2587 897 2650 E.
947 2585 1555 2674 Ἀριστοκράτους-ὂς
1587 2587 1809 2674 προδοὺς
1847 2589 1943 2665 τὴν
1977 2588 2062 2649 ἰπὶ
2105 2586 2313 2672 Κύπρῳ
2337 2584 2516 2670 μαχην
2547 2609 2603 2646 ιι.

544 2717 607 2756 τ.
648 2693 740 2777 λ.]
790 2691 955 2756 Belli
990 2693 1361 2759 Meffeniaci
1406 2691 1670 2758 secundi
1698 2715 1869 2757 anno
1904 2691 2130 2771 altere,
2162 2687 2602 2756 Lacedaemonii

546 2813 587 2856 a
613 2791 963 2872 Meffenii8‚
1008 2792 1176 2858 duce
1219 2793 1645 2873 Aristomene,
1677 2792 2011 2858 fortiflimo
2047 2792 2204 2873 viro,
2242 2791 2420 2880 gravi
2445 2789 2598 2856 clade

544 2893 782 2960 adfeffi
817 2895 1028 2960 sunt’
1007 2923 1093 2960 επι
1126 2900 1207 2982 τῷ
1245 2896 1572 2983 καλουμένῳ
1598 2897 1830 2984 Κάπρου
1856 2897 2094 2979 σῆματι.
2187 2897 2427 2960 Verum
2451 2916 2595 2959 auno

542 2996 907 3084 sequente
888 3020 957 3062 ιιι
1002 3019 1228 3086 pugna
1270 2997 1355 3063 ad
1401 2997 1662 3084 μεγάλην
1710 2998 1918 3088 τάφρον
1967 2983 2266 3062 Meffenii
2311 2995 2528 3086 proditi
2561 3017 2592 3060 a

541 3099 715 3162 socio
750 3099 1210 3180 hAristocrate‚
1240 3099 1542 3167 Areadiae
1569 3121 1749 3190 rege,
1779 3100 1889 3165 cui
1915 3121 2158 3188 magna
2181 3099 2398 3165 oblata
2419 3119 2587 3186 pecu·

540 3199 651 3263 nia
668 3200 1147 3266 Lacedaemonii
1174 3201 1634 3288 persuaserant,
1661 3214 1739 3267 ut
1765 3223 1902 3282 008,
1926 3222 2077 3266 cum
2108 3201 2192 3266 ad
2220 3223 2441 3266 manus
2465 3221 2588 3263 ven·

538 3311 684 3364 tum
720 3291 899 3382 esset,
948 3323 1100 3368 cum
1144 3302 1271 3368 suis
1314 3303 1516 3390 copiis
1557 3303 1896 3384 desereret,
1947 3286 2387 3369 internecione
2423 3299 2588 3366 deleti

537 3402 705 3467 sunt.
797 3404 939 3470 Post
964 3427 1159 3494 quam
1188 3405 1438 3471 cladem
1466 3406 1819 3472 undecimo
1845 3428 2017 3471 anno
2045 3405 2352 3471 ultimum
2381 3401 2580 3468 Meffe-

486 3507 495 3514 ”
536 3502 793 3570 niorum
849 3508 1207 3595 praefidium
1266 3509 1429 3574 Hira
1481 3522 1924 3597 expugnatum
1973 3510 2096 3584 est;
2157 3530 2367 3596 neque
2410 3504 2582 3571 multo

533 3607 673 3691 post
720 3607 1139 3690 Aristocraten
1185 3610 1510 3698 lapidibus
1553 3612 1828 3678 obrutus
1869 3610 2137 3677 interiit.
2227 3611 2335 3675 Sic
2370 3606 2580 3681 unicus,

532 3707 645 3794 qui
700 3708 931 3774 harum
992 3734 1207 3777 rerum
1265 3714 1542 3801 superest
1593 3714 1886 3802 scriptor,
1935 3713 2226 3801 prodidit
2287 3707 2579 3778 Pausanias

595 3864 623 3904 8
656 3863 711 3909 F.
744 3865 813 3912 est
846 3879 945 3910 cum
973 3873 1205 3926 occupatus
1238 3863 1341 3929 effer
1370 3881 1524 3924 mm,
1627 3881 1717 3914 um
1739 3867 1916 3915 habuit
1935 3867 2320 3925 Aristodemum,
2339 3865 2481 3913 filiam
2497 3859 2578 3909 Eri-

528 3943 564 3992 i.
586 3957 633 3992 e.
666 3942 795 3990 bello.
840 3943 983 3992 Philo
1008 3945 1123 3993 Jud.
1152 3945 1231 3992 De
1263 3945 1524 3993 Monarch.
1625 3951 1888 4009 stheniam,
1931 3965 2046 4012 quae
2081 3949 2239 3998 Procli
2279 3947 2488 4013 Epidauri
2519 3953 2578 4005 ty·

527 4026 847 4086 1.p.818.D.
868 4027 917 4072 ἰὲι
936 4027 1083 4092 χιιςός
1103 4023 1407 4093 ἀναφράττειν
1420 4027 1524 4074 ὢν·
1625 4047 1779 4080 ranno
1821 4032 2004 4094 nupsit,
2049 4033 2184 4080 unde
2224 4043 2338 4080 nata
2377 4028 2521 4092 Lyfida
2549 4022 2577 4069 s·

526 4102 740 4169 melleos
787 4104 873 4159 τὰς
917 4106 1145 4172 τιμωρίας.
1209 4107 1375 4156 Plane.
1433 4109 1524 4172 Ep.
1624 4111 1836 4169 Melina,
1854 4112 2094 4162 Periandri
2119 4126 2262 4160 uxor.
2295 4113 2434 4172 Diog.
2455 4109 2577 4155 ῐλὶῐῑ·

524 4183 639 4231 Div.
661 4185 725 4231 X.
751 4189 1867 4241 23.1.94.ex
1897 4190 2156 4239 Heraclide
2179 4192 2318 4241 Pont.
2338 4201 2392 4240 ut
2409 4189 2577 4237 videtur·

587 4259 614 4292 Β
644 4259 741 4324 ’Age
742 4260 1013 4328 convagantes
1045 4262 1253 4329 τιμωςῖω
1316 4267 1521 4315 Pausan.
1622 4271 1768 4320 Conf.
1789 4271 1959 4336 Polyb.
1980 4273 2068 4322 IV.
2091 4281 2176 4322 33·

523 4335 1518 4401 1V.22.p.oa4.fin.Aristocratesfili-
