2850 4817
535 369 645 440 1‘18
806 378 885 438 D.
927 375 1025 436 w.
1066 373 1458 436 ANIMADV.
1501 374 1592 433 1N
1631 357 2100 434 PLUTARCHI
2139 361 2298 431 Lm.
2357 437 2370 451 .

612 555 766 625 331.
805 535 883 600 E.
929 532 1277 623 Htippoem'&
1318 535 1399 620 τῷ
1439 533 1686 620 Ἠλείῳ]
1729 530 1848 597 Nil
1887 530 1968 598 de
2001 529 2190 596 donis
2217 529 2286 596 in
2314 529 2490 595 hunc
2526 526 2628 594 ab

526 637 897 708 Alexandro
945 635 1194 726 collatis
1241 635 1574 723 Diogenes
1618 633 1955 712 Laertiusss
2016 650 2409 719 quamquam
2467 650 2626 696 non

528 743 699 809 abest
726 765 765 806 a
792 737 1353 818 verisimilitudine,
1379 737 1684 824 liquidem
1712 758 1861 800 curn
1892 733 2280 799 Anaxarcho
2309 732 2627 820 magistro

528 842 703 929 apud
745 840 1183 907 Alexandrum
1219 840 1287 904 in
1323 839 1472 905 Afia
1506 838 1655 919 fuit,
1685 850 1760 903 ut
1787 835 1896 901 ille
1925 834 2142 922 prodit
2168 833 2290 898 IX.
2323 835 2432 898 61.
2524 834 2627 896 Et

530 943 728 1009 talem
772 943 953 1010 fuiffe
994 944 1233 1008 famam
1271 941 1502 1006 diserte
1539 952 1754 1004 narrat
1785 941 2014 1004 Sextus
2044 934 2406 1022 Em'piricus
2432 933 2622 999 Adv.

532 1046 855 1111 Mathem.
887 1048 943 1111 Ι.
976 1047 1137 1114 282:
1182 1044 1415 1129 λὸγιται
1445 1047 1565 1132 γὰρ
1593 1041 1756 1108 αὐτ-ὃν
1791 1041 1908 1128 (τὸν
1937 1041 2232 1128 Πύρρωνα)
2268 1039 2362 1103 καὶ
2392 1035 2623 1116 ποίησιν

532 1151 606 1222 εἷς
639 1149 733 1212 τὸν
770 1146 1072 1211 Μακεδόνα
1105 1144 1472 1234 Ἀλέξανδρον
1512 1145 1846 1232 γράψαντα,
1883 1141 2090 1229 μυρίοις
2113 1144 2345 1228 χρυσοῖς
2373 1144 2622 1221 τετιμῆ-

532 1245 683 1310 σθαι.
770 1245 996 1332 Itaque
1040 1243 1396 1310 dissentiam
1441 1266 1481 1308 a
1524 1241 1978 1328 Sanctocrucio
2028 1259 2176 1304 meo
2217 1237 2412 1324 hujus
2455 1237 2623 1304 faai

536 1347 729 1413 fidem
753 1347 1137 1434 repudianti,
1161 1347 1227 1412 in
1259 1344 1516 1414 Differt.
1540 1347 1650 1411 De
1671 1334 1970 1410 Historic.
2000 1341 2342 1408 Alexandri
2364 1361 2433 1426 p.
2457 1359 2620 1407 210.

620 1467 773 1535 331.
818 1451 897 1514 Ε.
945 1450 1274 1536 Ξενοκράτει
1316 1449 1788 1527 ὃὲ-οτεντῆκοντα
1828 1443 2204 1526 τάλανταῇ]
2251 1441 2474 1530 Hujus
2515 1440 2620 1505 rei
2731 1507 2739 1514 ,

537 1551 773 1616 certior
817 1551 905 1616 est
946 1550 1289 1616 auctoritas
1330 1565 1399 1616 et
1441 1573 1482 1615 a
1521 1549 1743 1614 multis
1787 1548 2086 1634 prodita:
2152 1543 2494 1610 Plutarcho
2541 1543 2616 1608 in

536 1653 695 1717 Vita
720 1653 909 1718 Alex.
938 1667 1005 1740 p.
1030 1655 1179 1718 668.
1211 1654 1291 1718 E.
1322 1652 1389 1718 in
1417 1653 1545 1718 ho'c
1581 1653 1718 1740 ipso
1748 1651 1970 1717 libello
1997 1673 2065 1738 p.
2096 1667 2240 1736 133.
2273 1649 2352 1712 Β.
2393 1723 2398 1728 ,
2426 1647 2621 1733 Apo-

538 1753 884 1842 phthegm.
913 1754 1105 1819 Alex.
1138 1754 1216 1821 λ’-.
1247 1777 1314 1842 p.
1346 1756 1493 1820 181.
1524 1756 1614 1819 D.
1646 1754 1762 1819 ubi·
1785 1753 1971 1840 plura
1999 1751 2402 1818 notavimus:

614 1861 775 1942 331.
814 1855 894 1923 Ε.
936 1855 1343 1944 Ὀνησίκριτον]
1395 1856 1536 1924 Vit.
1590 1855 1780 1920 Alex.
1825 1875 1892 1942 p.
1933 1871 2080 1938 701.
2125 1852 2208 1917 C.
2296 1850 2620 1916 Arrianus

540 1957 662 2026 VI.
706 1976 769 2037 2,
807 1958 873 2023 6.
916 1959 1074 2024 VII.
1112 1975 1182 2043 5,
1220 1981 1294 2046 9²
1344 1977 1454 2037 20,
1484 1959 1549 2022 6.
1625 1955 1854 2022 Strabo
1887 1957 2040 2021 XV.
2079 1975 2148 2040 p.
2186 1966 2372 2037 1051.
2400 1949 2478 2014 B.
2520 1951 2618 2016 ibi

542 2057 988 2127 Casaubonm.
1061 2061 1394 2149 Diogenes
1424 2062 1636 2125 Laert.
1666 2061 1787 2125 VI.
1815 2059 1920 2141 84.
1949 2056 2031 2122 ad
2057 2078 2210 2122 eum
2239 2054 2615 2142 Menagius.

543 2160 869 2226 Fabricius
901 2162 979 2226 B.
1013 2164 1100 2228 G.
1134 2165 1225 2228 II.
1256 2183 1325 2250 p.
1359 2182 1480 2248 223
1514 2157 1762 2248 etf365.
1835 2158 2323 2226 sanetocrucius
2367 2158 2411 2221 l.
2450 2158 2498 2222 l.
2541 2179 2616 2244 p.

414 2287 426 2298 ³
539 2263 649 2350 38,
682 2284 831 2332 210.
872 2285 1027 2348 442,
1058 2281 1420 2366 732—747.
1451 2278 1518 2329 et
1546 2265 1752 2330 nostra
1779 2275 2001 2328 notata
2025 2261 2107 2326 ad
2137 2283 2203 2348 p.
2227 2277 2376 2347 327.
2406 2261 2495 2324 D.

596 2385 601 2390 ’
628 2387 781 2453 331.
822 2371 893 2433 F.
945 2368 1194 2456 Διογένει
1212 2367 1434 2454 -περῖ
1488 2365 1794 2454 Κόςινθον.]
1858 2370 1982 2435 Res
2033 2365 2227 2452 vulgo
2267 2364 2616 2430 celebrata.

546 2468 872 2534 Plutarch.
899 2469 1038 2535 Vit.
1069 2469 1257 2534 Alex.
1277 2489 1348 2556 p.
1372 2471 1523 2553 671.
1549 2470 1638 2535 D.
1691 2469 1892 2557 Diog.
1922 2471 2137 2534 Laert.
2166 2467 2289 2532 VI.
2308 2481 2444 2552 32..
2475 2467 2618 2532 Va·

542 2573 659 2637 ler.
691 2573 871 2637 Max.
902 2573 1021 2640 IV.
1045 2593 1114 2658 3.
1147 2571 1295 2637 Ext.
1324 2593 1390 2655 4.
1421 2573 1552 2638 alii.

626 2692 780 2757 331.
815 2674 886 2737 F.
914 2673 1252 2760 Ἀργεάὸας]
1302 2673 1481 2741 Diffi
1507 2675 1589 2740 ab
1616 2675 1839 2762 Argeo
1869 2673 2270 2739 Macedoniae
2301 2693 2452 2758 rege
2477 2665 2618 2756 po'st

548 2774 871 2838 Caranum
920 2773 1184 2861 quinto:
1233 2797 1427 2864 quem
1469 2776 1780 2864 fignificat
1823 2775 2188 2863 Stephanus
2230 2775 2508 2861 Byzant.
2543 2773 2615 2836 in

545 2875 711 2942 Voc-
747 2875 988 2962 Ἀργὲου
1026 2878 1397 2954 νῆσος-ἀπὸ
1440 2876 1676 2964 Ἀργίου
1716 2883 1816 2942 τοῦ
1853 2877 2192 2956 Μακεδόνος,
2235 2878 2328 2958 ἀφ’
2372 2875 2433 2940 οὗ
2472 2876 2618 2962 Ἀρ-

546 2976 769 3064 γείιδαύ
829 2979 1158 3056 annotavit
1200 2979 1377 3044 hunc
1425 2979 1645 3044 locum
1697 2979 1893 3044 etiam
1943 2979 2355 3045 MeziriacuS.
2441 2979 2618 3042 Nam

546 3081 725 3168 quod
748 3081 1029 3148 Reiikius
1051 3081 1189 3147 vult
1210 3082 1549 3169 Ἀργειάδας
1570 3104 1650 3146 ex
1673 3082 1903 3148 eodem
1933 3081 2262 3169 Stephano
2285 3084 2448 3148 Voc.
2469 3079 2619 3164 Ἄρ·

544 3207 670 3268 γος,
700 3181 898 3248 habet
937 3196 1007 3249 et
1040 3184 1247 3271 ipsum
1279 3183 1557 3270 aliquam
1585 3183 2218 3264 verisimilitudinem,
2247 3183 2618 3250 nec-tamen

544 3294 817 3363 tantam,
850 3295 1156 3369 quantam
1198 3283 1480 3372 vulgata),
1517 3283 1754 3350 scilicet
1783 3285 1936 3373 quia
1963 3285 2104 3350 haec
2131 3309 2169 3350 3
2192 3285 2370 3352 libris
2401 3286 2617 3349 firma-

548 3397 679 3466 tur,
706 3383 816 3448 illa
841 3407 974 3450 non
1004 3385 1186 3451 item.

630 3507 697 3572 p.
725 3504 877 3572 332.
917 3490 1002 3552 A.
1047 3486 1305 3576 ἁνευςῶν]
1362 3487 1757 3556 probabilius
1794 3490 1881 3555 est
1914 3495 2217 3576 ἀνερευνῶν,
2248 3489 2313 3554 in
2351 3479 2615 3556 dannot.

544 3589 703 3654 Jun.
734 3589 953 3654 Anon.
976 3589 1257 3655 Vulcob.
1288 3610 1516 3678 margo
1546 3591 1631 3656 G.

632 3709 714 3776 33
724 3709 785 3758 2.
816 3687 893 3754 B.
937 3693 1201 3756 Διονύσου
1232 3692 1345 3756 θεοῦ
1375 3692 1657 3782 γενάρχου
1685 3696 1782 3758 καὶ
1809 3693 2173 3782 προπάτορος]
2227 3693 2445 3780 Magis
2475 3707 2621 3758 ora-⁴
2664 3732 2678 3749 ·

546 3791 713 3856 torie
756 3813 952 3878 quam
986 3813 1132 3856 vere
1174 3791 1445 3859 dictum.
1535 3794 1852 3860 Hercules
1890 3811 1959 3860 et
2003 3796 2257 3862 Perseus
2300 3795 2391 3858 ita
2432 3806 2620 3881 pote-

423 3967 435 3974 ,
548 3905 696 3957 rant
724 3891 891 3957 dici:
947 3905 1015 3956 at
1043 3914 1193 3956 cum
1230 3891 1491 3960 Baccho
1521 3894 1611 3960 nil
1641 3917 1985 3961 commune
2015 3911 2090 3962 ut
2121 3898 2185 3960 in
2218 3895 2465 3983 proavis
2503 3917 2622 3959 nu·

550 4007 925 4059 metaretur.
983 3994 1211 4081 Itaque
1236 3993 1363 4060 hoc
1392 3995 1602 4062 utitur
1627 3996 1710 4062 ad
1739 4021 1886 4062 eum
1920 4011 2307 4086 argumento
2335 3998 2626 4070 Anaxar-

550 4094 715 4161 chus
758 4096 934 4184 apud
976 4097 1321 4161 Arrianum
1369 4101 1487 4164 IV.
1532 4120 1635 4179 10,
1678 4099 1756 4164 8:
1805 4101 2065 4176 Διόνυσος
2103 4102 2205 4183 μὲν
2247 4103 2503 4179 Θηβαῖος
2539 4097 2622 4177 ἦν,

552 4196 695 4260 οὐδέν
732 4222 790 4260 τι
826 4198 1109 4284 προσήκων
1156 4199 1471 4263 Μαήεὸὅσι·
1525 4202 1618 4264 καὶ
1665 4204 1956 4287 Ἡρακλῆς
1999 4204 2276 4288 Ἀργεῖος,
2323 4201 2427 4263 οὐδ’
2473 4199 2624 4273 οὗτος

548 4297 863 4393 προσήκων,
901 4298 981 4364 ὅτι
1022 4304 1099 4384 μὴ
1130 4305 1291 4377 aava
1329 4301 1486 4387 γένος
1523 4303 1586 4366 τὸ
1621 4302 2006 4390 Ἀλεξάνδρου.
2037 4337 2060 4357 s
2093 4301 2463 4392 Ἡρακλείδην
2505 4304 2622 4386 γὰρ
