2850 4817
336 363 339 368 ·
436 343 923 408 PARALLELA.
950 347 1081 408 GR.
1123 347 1230 410 ET
1268 347 1472 438 RQM.
1513 369 1572 428 p.
1603 367 1670 425 3¹
1683 365 1738 428 5.
1767 349 1963 410 c-R
2157 355 2240 434 89

205 512 311 576 dau·
356 511 521 599 nescit
562 507 853 594 Bvfir'idis
891 531 1035 571 aras
1052 532 1075 572 .·
1120 507 1281 573 duos
1340 506 1592 574 diversis
1633 509 1943 574 moltibus
1985 533 2232 600 cogno-

204 614 375 678 mines
397 613 459 678 in
488 633 688 677 unam
714 611 1047 697 personam
1072 610 1367 676 confusos
1389 623 1574 676 notat
1597 611 1898 699 Heynius
1925 612 2009 678 ad
2033 615 2240 702 Apol-

204 715 375 780 lodor.
406 717 497 778 II.
524 733 590 800 5,
628 730 731 777 11.
760 735 823 798 p.
856 732 1015 798 419²
1047 711 1173 776 hoc
1202 711 1267 776 in
1298 711 1436 776 aliis
1463 713 1686 778 multis
1717 714 1984 780 fastum.
2069 717 2235 786 Fau-

204 845 317 882 num
341 819 593 906 quidem
626 839 778 882 oum.
810 817 957 880 Caco
982 814 1315 895 confundi,
1348 815 1676 880 verifimile
1703 817 1811 881 est.

270 921 361 986 ao'.
386 940 531 1007 315.
562 920 678 1004 C.]
712 919 837 983 Cui
868 941 997 982 non
1026 918 1181 984 item
1214 931 1408 983 notus
1439 918 1743 999 Phalaris,
1765 921 1906 1000 boe,
1933 921 2234 1016 Pel-illus?

208 1025 283 1086 Ex
316 1024 428 1088 hoc
470 1024 617 1088 loco
660 1020 883 1086 retulit
927 1022 1225 1086 Stobaeus
1264 1021 1429 1086 Flor.
1468 1022 1599 1087 Tit.
1643 1023 1958 1088 XLVIII.
1989 1045 2056 1110 p.
2083 1042 2237 1113 350.

208 1125 481 1211 adscripto
519 1124 779 1190 aufflzore
815 1124 877 1187 in
917 1123 1205 1211 margine
1243 1123 1401 1188 edit.
1449 1124 1645 1189 Gesn.
1693 1123 1924 1190 Latine
1969 1127 2244 1193 Dorothei

210 1227 260 1289 in
282 1228 447 1314 primo
471 1251 665 1290 rerum
696 1225 1063 1292 Sicularum:
1109 1223 1650 1305 Trincavellianae,
1681 1227 1956 1314 Δωροθέου
1981 1232 2035 1291 ἂν
2061 1257 2100 1292 α
2127 1234 2240 1296 Σι-

212 1339 423 1394 κελικῶν.
508 1330 745 1394 Nostro
786 1329 855 1393 in
907 1328 1055 1394 loco
1103 1332 1157 1392 ἐν
1204 1327 1432 1416 δευτέρῳ
1476 1333 1679 1392 Αἰτιῶν
1723 1327 1805 1394 ad
1856 1327 2240 1398 Callimachi

209 1429 346 1494 Αἷτια
401 1432 679 1518 ΐρεᾶειτε
742 1429 1015 1494 ostendit
1082 1427 1510 1494 Ruhnkenius
1566 1429 1772 1494 noster
1829 1428 1912 1495 ad
1973 1431 2237 1502 Gallim.

212 1532 425 1618 Fragm.
470 1533 719 1597 CXIX.
769 1530 926 1596 edit.
971 1531 1211 1597 Ernest.
1254 1529 1407 1598 Vol.
1457 1533 1511 1595 1.
1556 1552 1624 1617 p.
1665 1531 1817 1616 487.
1864 1545 1930 1597 et
1973 1535 2237 1621 Epistol.

214 1633 347 1698 Crit.
377 1635 460 1698 II.
489 1655 555 1718 p.
584 1633 725 1698 182.
812 1633 1230 1720 AEgestanum
1270 1632 1662 1719 exemplum,
1692 1645 1768 1697 ut
1804 1631 1949 1713 alia,
1977 1637 2240 1703 monstri

71 1805 73 1808 y
210 1735 401 1803 fimile:
447 1735 826 1801 Harleianus
872 1736 998 1800 fine
1036 1735 1297 1800 nomine
1333 1735 1508 1802 urbis
1535 1735 1668 1816 dat,
1695 1739 1799 1801 Ἐν
1826 1736 1984 1802 πόλει
2011 1742 2112 1802 τινὶ
2141 1745 2238 1817 τῆς

209 1839 439 1914 Ἰταλίας·
484 1862 637 1904 mox
681 1837 918 1926 Σωςῖνος
954 1859 1073 1924 pro
1107 1843 1464 1926 Κενσωρῖνος.
1553 1838 1840 1904 Aliunde
1883 1839 2240 1909 ducebatur
2333 1905 2344 1912 .

211 1941 547 2006 AEmiliorum
575 1962 811 2005 nomen
844 1941 995 2004 teste
1028 1939 1367 2006 Plutarcho
1392 1940 1459 2004 in
1487 1941 1712 2004 Numa
1741 1961 1810 2027 p.
1840 1943 1947 2026 65.
1974 1944 2062 2008 D.
2115 1947 2238 2010 AE·

210 2045 325 2110 mil.
354 2044 515 2110 Paul.
546 2065 611 2130 p.
650 2045 794 2126 256.
826 2042 909 2106 A.
1000 2042 1275 2108 Fortaffe
1313 2041 1616 2108 confusus
1645 2041 1731 2106 est
1761 2045 2238 2113 commentitius

210 2143 297 2208 hic
342 2145 621 2210 AEmilius
679 2143 1013 2231 Censorinus
1068 2165 1221 2208 oum
1276 2141 1682 2208 Albanorum
1740 2163 1894 2229 rege
1945 2144 2237 2228 Amulio,

214 2246 360 2330 quod
402 2268 633 2310 nomen
680 2245 747 2308 in
792 2245 1137 2333 majoribus
1190 2244 1364 2308 illius
1413 2243 1630 2331 gentis
1678 2258 1995 2310 memorat
2045 2246 2238 2314 Silius

212 2345 333 2411 Ital.
353 2350 527 2413 VIII.
560 2349 709 2435 298.

275 2447 350 2531 μ’.
386 2469 523 2536 215.
566 2451 675 2534 Ε.]
728 2447 957 2514 Graeoa
1003 2448 1223 2514 fabula
1263 2448 1626 2514 celebratur
1665 2447 1840 2535 apud
1875 2451 2238 2536 Apollodo-

208 2573 331 2616 rum
357 2555 404 2616 1.
434 2570 495 2638 7,
526 2554 590 2617 8.
618 2567 685 2617 et
715 2552 949 2618 citatos
975 2552 1066 2617 ibi
1098 2551 1396 2640 Heynio=
1445 2565 1514 2616 et
1551 2552 1884 2639 geminum
1917 2554 2238 2624 falsarium
2273 2605 2284 2616 ,
2314 2629 2319 2636 ,

206 2652 259 2717 in
282 2653 477 2720 libello
504 2658 607 2721 De
641 2655 871 2722 Fluviis
906 2676 969 2741 p.
1002 2668 1189 2739 1152.
1220 2657 1294 2719 F.
1365 2654 1454 2718 Et
1493 2653 1814 2720 Bachetus
1849 2656 2238 2726 Meziriaeus

208 2778 329 2820 eam
366 2758 575 2846 attigit
618 2757 699 2822 ad
743 2757 933 2824 Ovid.
980 2757 1175 2845 Epist.
1220 2758 1381 2821 Her.
1428 2777 1498 2842 p.
1539 2757 1707 2823 281..
1775 2759 1852 2822 In
1889 2759 2122 2825 Latino
2149 2761 2244 2828 nil

204 2855 349 2920 sani:
389 2861 702 2924 Anienem
747 2858 886 2924 Iliae
928 2859 1227 2924 maritum
1256 2879 1293 2920 a
1323 2857 1697 2945 quibusdam
1735 2857 2064 2943 proditum
2095 2883 2243 2925 nar-

207 2973 287 3021 rat
324 2961 561 3026 Servius
598 2961 681 3024 ad
722 2958 957 3047 virgil.
1004 2961 1157 3024 AEn.
1190 2959 1247 3022 I.
1280 2974 1429 3044 273.
1519 2960 1622 3023 De
1652 2958 2017 3023 Alexandro
2048 2960 2240 3050 Poly·
2273 2939 2296 2962 ⁶

208 3058 404 3126 histore
431 3064 691 3128 constat.
2189 3137 2198 3146 ,

272 3164 381 3246 μα’.
408 3179 557 3250 315.
590 3166 693 3251 F.]
744 3167 849 3230 De
884 3163 1309 3251 Hegefistrato
1347 3185 1477 3246 uon
1517 3183 1978 3250 repugnamuS,
2010 3185 2242 3250 quam-

71 3335 75 3348 ,
205 3261 281 3326 vis
313 3265 451 3330 alibi
496 3281 571 3333 ut
613 3267 809 3354 hujus
854 3267 1005 3333 faofi
1047 3267 1308 3339 auetore
1351 3277 1418 3330 et
1459 3265 1636 3329 urbis
1681 3263 2035 3344 conditore,
2065 3268 2241 3353 quod

71 3401 74 3420 ι
206 3361 458 3446 sciamuS,
506 3392 635 3434 non
680 3382 1065 3433 memorato.
1152 3369 1414 3432 Nomen
1460 3367 1720 3453 quidem
1764 3365 2100 3453 aliquoties
2142 3370 2240 3436 le-

71 3517 73 3528 .
206 3465 353 3549 gitur
376 3471 543 3556 apud
576 3471 1013 3548 Herodotum,
1040 3483 1179 3536 tum
1210 3470 1403 3535 etiam
1436 3470 1635 3534 fausto
1667 3469 1882 3534 omine
1908 3492 2241 3536 commen-

206 3565 393 3636 datum
424 3575 547 3638 IX.
580 3594 691 3662 90,
722 3595 830 3661 91.
917 3573 1364 3638 Diverfitatem
1406 3572 1631 3637 formae
1670 3571 1736 3635 in
1767 3572 2038 3637 *nomine
2069 3575 2244 3640 urbis

204 3667 521 3750 Ἐλαιοῦντος
554 3689 623 3740 et
660 3679 1005 3754 Ἐλεοῦντος,
1046 3687 1351 3739 notarunt
1389 3673 1718 3737 Pintianus
1761 3687 1828 3737 et
1874 3674 1954 3737 Is.
1991 3672 2244 3742 Voffius

207 3775 271 3836 ad
307 3781 541 3846 Melam
590 3783 684 3846 II.
732 3801 797 3858 2,
837 3801 943 3866 95.
1032 3780 1338 3845 Dukerus
1381 3779 1466 3844 ad
1515 3779 1811 3867 Thucyd.
1856 3781 2048 3847 VIII.
2097 3804 2242 3870 103.

210 3876 553 3948 Praesentem
605 3882 826 3948 locum
872 3883 1153 3969 spe&are
1199 3882 1450 3947 videtur
1498 3882 1871 3948 Scholiastes
1923 3885 2241 3976 Aristoph.

209 3976 347 4047 Plut.
372 3987 496 4071 383
524 4011 540 4048 ε
593 3985 836 4069 ἱκετηρία
866 3987 982 4049 ἐστὶ
1017 3985 1218 4064 κλάδος
1246 3984 1442 4060 ἐλαίας
1469 3985 1594 4072 igin)
1619 3992 1799 4070 λευκῷ
1826 3987 2244 4074 περιειλημένος,

208 4079 262 4152 ὥς
287 4087 653 4174 Πλούταρχος
682 4091 735 4149 ἐν
762 4089 1165 4180 Παραλλῆλρις
1191 4087 1345 4169 φησί.
1412 4088 1944 4171 Ηεῐηίὶεῐῇιιίὶῑιξ,
1974 4088 2148 4166 nihil}
2179 4103 2250 4154 ut

208 4183 393 4267 opinor,
430 4187 664 4274 inquit,
704 4187 876 4254 aliud
918 4189 981 4252 in
1022 4187 1125 4252 illo
1166 4187 1357 4252 libello
1398 4189 1555 4276 quod
1591 4190 1679 4252 ad
1715 4189 1870 4252 hanc
1905 4211 2024 4250 rem
2058 4190 2248 4276 perti-

209 4299 336 4351 neat.
390 4287 481 4353 At
507 4289 882 4382 scholiastes
911 4289 1206 4380 spestavit
1236 4290 1425 4356 verba
1449 4289 1516 4355 in
1547 4289 1704 4356 Vita
1727 4277 1954 4360 Thesei
1981 4310 2046 4375 p.
2075 4306 2138 4375 7.
2169 4294 2242 4358 F.
