2850 4817
233 326 351 386 DE
390 327 623 388 ALEx.
665 327 755 386 M.
796 313 1215 387 FORTUNA.'
1242 327 1375 386 oR.
1406 329 1452 388 1.
1497 349 1553 408 p.
1583 329 1720 405 326.
1748 329 2016 406 ιιι-327.
2045 333 2112 391 A.
2163 350 2276 409 ως

210 487 649 551 “inventores
697 508 892 572 quam
944 487 1209 552 Graecos
1261 487 1592 574 agnoverit
1643 487 2038 555 Herodotus.
2131 491 2278 556 Hoc·
2333 515 2346 532 ·

211 596 259 628 “
286 589 497 656 studio
538 589 713 654 Vitas
754 587 1022 675 collegit
1058 581 1438 669 parallelas,
1465 591 1868 678 contulitque
1905 591 2178 658 invicem
2206 605 2282 658 ut
2299 595 2312 602 ’

210 698 258 731 “
292 694 557 757 Graeeos
599 690 905 756 Romanis
944 690 1807 758 anteferendos-ostenderet.
1897 695 2045 760 Hoc
2075 695 2282 762 studio

213 802 262 834 “
294 793 377 858 de
420 797 707 860 Fortuna
748 795 1183 872 Romanorum
1231 793 1500 880 scripfit3
1547 807 1624 858 ut
1661 795 1940 881 potiores
1983 799 2034 862 F
2029 809 2282 864 ortunae

214 900 261 934 “
288 917 481 981 quam
522 893 803 960 Virtutis
841 907 1053 980 partes
1080 893 1147 958 in
1178 897 1616 960 Romanorum
1644 896 1834 962 rebus
1863 899 2156 984 prospere
2185 899 2284 964 fe-

212 1004 265 1037 “
294 997 629 1083 liciterque
650 994 837 1082 gestis
862 995 1043 1061 fuiffe
1070 998 1388 1083 probaret.
1459 997 1830 1078 Alexandri,
1841 1012 2102 1080 eontra,
2129 1003 2286 1066 For-

219 1103 265 1136 “
298 1111 521 1162 tunam
565 1097 659 1162 ita
692 1097 1080 1163 laudandam
1122 1097 1357 1178 censet,
1394 1113 1471 1164 ut
1504 1099 1836 1165 Virtutem
1873 1113 2089 1166 tamen
2117 1101 2317 1192 ejus-·

222 1207 269 1240 “
302 1200 448 1265 dem
492 1200 754 1288 majoris
795 1199 1177 1279 faciendam,
1216 1201 1483 1288 plusque
1525 1202 1608 1268 ad
1633 1205 1916 1268 'eventus
1957 1205 2287 1291 prosperos

223 1309 273 1342 “
301 1301 633 1367 contulisse
674 1302 956 1368 doceret.
1046 1302 1270 1368 Solum
1310 1303 1484 1368 enim
1516 1326 1680 1390 pene
1708 1303 2150 1370 Alexandrum
2179 1308 2287 1372 fu-

228 1411 274 1445 “
300 1404 427 1486 iffe,
460 1427 655 1492 quem
703 1405 1005 1470 Romanis
1048 1427 1125 1470 ex
1168 1406 1385 1471 animo
1426 1405 1884 1493 opponendum
1923 1408 2043 1474 effe
2076 1411 2290 1477 Graeci

227 1514 275 1547 “
302 1507 779 1586 arbitrarentur,
807 1529 889 1572 ex
916 1507 1099 1572 Livio
1122 1509 1520 1574 manifestum
1549 1510 1706 1574 est.”
1783 1509 2063 1577 Uberius
2091 1513 2288 1578 etiam

230 1609 308 1674 de
348 1609 471 1688 hac
514 1609 923 1674 aemulatione
962 1609 1196 1676 differit
1232 1609 1528 1676 laudatus
1567 1611 2058 1678 Sanaocruciue
2085 1636 2152 1701 p.
2185 1617 2294 1700 83.

310 1837 375 1903 p.
406 1818 557 1902 326.
587 1819 668 1880 E.
702 1821 941 1892 Πολλὰς
968 1819 1069 1900 μὲν
1094 1815 1434 1904 &maog—ss
1471 1817 1654 1884 Iliad.
1687 1825 1741 1884 1.
1772 1839 1922 1907 325.

310 1923 461 2005 326.
506 1923 577 1984 F.
624 1923 1003 2007 Δαςςῖος--ἒκ
1047 1919 1237 1984 δούλου
1282 1921 1375 1984 καὶ
1420 1921 1722 2006 ἀστάνδου]
1777 1923 1884 1986 Sic
1927 1923 2040 1987 Or.
2087 1922 2178 1984 II.
2226 1943 2294 2008 p.

234 2041 379 2107 340.
408 2023 485 2086 B.
518 2035 585 2086 et
614 2022 677 2088 in
710 2022 866 2086 Vita
899 2021 1247 2088 Alexandri
1276 2043 1344 2108 p.
1376 2025 1528 2106 674.
1559 2023 1650 2087 D.
1679 2023 1790 2088 ubi
1817 2024 2102 2108 ἇσγίινὸου
2128 2023 2294 2110 legi-’-

238 2137 373 2193 tur:
420 2145 791 2211 perperam3
830 2145 989 2200 ‚nam
1027 2137 1093 2188 et
1130 2123 1494 2188 Eustathius
1536 2146 1620 2190 ex
1659 2124 1838 2190 AElio
1877 2124 2186 2210 Dionyfio
2213 2124 2298 2188 ad

241 2218 470 2314 Odyffs
484 2231 561 2290 T.
602 2246 669 2311 p.
702 2225 891 2310 1854,
924 2224 1044 2290 28:
1094 2223 1287 2310 κυρίως
1324 2225 1405 2301 δὲ,
1442 2229 1596 2290 κατὰ
1621 2222 1814 2290 Αἴλιον
1843 2224 2148 2303 Διονύσιον,
2177 2223 2298 2311 ἄγ-
2327 2214 2336 2220 ’

218 2355 393 2414 ,γαροι
422 2335 472 2394 οἱ
500 2331 563 2392 ἐκ
591 2331 845 2414 διαδοχῆς
870 2327 1351 2416 γραμματοφόρον
1396 2335 1446 2393 οἶ
1474 2329 1528 2392 δὲ
1557 2329 1717 2394 αὐτοί
1743 2347 1874 2411 φησι
1903 2328 1998 2392 καὶ
2025 2327 2298 2391 ἀστάνδας
2323 2357 2328 2365 ·

240 2436 548 2516 Περσικοῖς.
613 2432 921 2498 Attamen
954 2430 1133 2518 legio
1162 2431 1468 2520 sanguine
1497 2444 1710 2497 ortum
1737 2429 1952 2518 prodit
1973 2429 2302 2496 Diodorus

244 2533 365 2599 Sic.
405 2532 626 2598 XVII.
667 2552 733 2617 5.
824 2532 1090 2612 Contra,
1120 2534 1359 2600 Strabo
1388 2535 1539 2600 XV.
1568 2555 1636 2620 p..
1673 2533 1984 2619 1069..B=
2031 2535 2130 2596 οὐκ
2169 2531 2337 2602 ὄντα.

239 2641 327 2697 τοῦ
370 2633 559 2718 γένους
598 2643 705 2698 τῶν
746 2635 1047 2714 βασιλέων.
1132 2627 1429 2700 AElianus
1468 2635 1629 2701 XII.
1662 2651 1773 2720 43.
1819 2634 2004 2707 δοῦλος
2043 2630 2126 2710 ἦν·
2172 2653 2306 2720 qua
2345 2677 2350 2682 ·

242 2731 317 2798 de
358 2728 565 2806 eaufl'a
604 2733 901 2800 videatur·
924 2735 1235 2804 Kuhnius
1276 2748 1345 2800 et
1391 2735 1760 2802 Perizonius
1801 2734 1872 2799 h.
1917 2732 1965 2797 l.
2011 2729 2304 2820 inprimis
2343 2773 2348 2778 -

244 2836 691 2924 Wesselingius
720 2836 801 2902 ad
829 2836 1031 2905 Diod.
1058 2837 1185 2905 Sic.
1214 2837 1261 2901 l.
1292 2859 1353 2902 c.

318 2939 519 3020 τούμὸν
557 2938 613 3000 δὲ
645 2939 925 3023 ‹rapa—J
979 2937 1257 3003 Videtur
1302 2937 1682 3004 Plutarchus
1723 2936 2026 3025 cogitass'e
2068 2933 2308 3000 oratio-

246 3063 386 3106 nem
432 3041 775 3127 quamdam
813 3041 1163 3106 Alexandri
1208 3043 1315 3106 sua
1356 3039 1546 3128 ipfius
1589 3039 1852 3106 vulnera
1886 3036 2307 3115 numerantis,

247 3141 597 3230 cujusmodi
622 3143 707 3224 est
734 3165 931 3229 quam
960 3165 1039 3209 ex
1064 3143 1432 3212 austoribus
1457 3142 1582 3209 suis
1610 3140 1806 3208 refert
1822 3139 2130 3206 Arrianus
2148 3137 2305 3203 VII.

252 3263 349 3312 10.
2077 3299 2088 3308 .

324 3364 477 3432 327.
511 3347 601 3411 A.
630 3349 685 3408 ἐν
709 3349 1331 3434 Ἰλλυριοῖς-ἠλοήθην]
1363 3349 1434 3412 N
1435 3369 1512 3412 eo
1538 3347 1604 3412 in
1633 3346 1834 3412 altera
1859 3344 2122 3432 quidem
2152 3346 2312 3410 Ora-a

252 3446 443 3527 tione,
476 3447 589 3513 ubi
616 3460 849 3514 caetera
879 3449 1139 3516 vulnera
1164 3460 1568 3535 repetuntur,
1596 3462 1914 3514 memorat
1945 3469 2011 3534 p.
2041 3467 2194 3532 341.
2221 3447 2310 3512 A.

222 3555 363 3615 ‘nec
391 3551 456 3616 in
485 3549 683 3616 Vitas
730 3573 851 3616 nec
884 3550 1219 3630 Arrianus,
1258 3548 1371 3637 qui
1400 3572 1572 3616 unus
1615 3549 1956 3638 diligenter
1995 3549 2164 3614 hanc
2199 3571 2315 3614 ex-

253 3653 643 3738 peditionem
671 3651 953 3739 prodidit
983 3654 1037 3717 Ι.
1072 3654 1259 3716 1-6.
1290 3671 1409 3716 nec
1437 3651 1600 3716 alius
1628 3674 1708 3716 ex
1735 3639 1952 3739 {isqui
1981 3652 2244 3716 exstant.

329 3773 481 3844 327.
508 3757 594 3820 A.
618 3756 740 3842 πεὶρ
767 3755 975 3843 Γςᾶνικ
940 3755 1061 3839 κον]
1112 3755 1247 3820 Or.
1246 3755 1356 3819 -.II
1389 3775 1457 3840 p.
1480 3775 1630 3841 341.
1655 3755 1737 3820 A.
1781 3754 2028 3842 Vitap.
2051 3754 2202 3839 673.
2227 3753 2314 3818 A.

210 3871 231 3910 ι’
255 3855 563 3923 Arrianus
591 3859 651 3920 Ι.
680 3871 783 3942 15.
834 3856 1167 3923 Diodorus
1196 3855 1325 3920 Sic.
1356 3856 1582 3921 XVII.
1617 3875 1719 3924 20.
1957 3888 1966 3894 ·

304 3975 485 4042 327.
532 3958 619 4023 A.
666 3961 721 4021 ὲν
761 3959 837 4020 ὃὸ
859 3960 1059 4043 Ἰσσῷ
1071 3957 1223 4042 ξίφει
1250 3958 1353 4020 τὸν
1382 3956 1576 4044 μηρόν]
1630 3957 1750 4022 Or.
1798 3956 1888 4020 II.
1934 3976 1998 4041 p.
2030 3972 2187 4040 341.
2233 3951 2320 4015 A.

258 4073 645 4126 memoratur
687 4059 753 4122 in
796 4059 951 4124 Vita
988 4081 1054 4146 p.
1087 4062 1236 4145 675.
1280 4063 1359 4126 Ε.
1431 4059 1706 4125 Arriano
1735 4060 1965 4124 11.·.12.
2033 4053 2324 4121 Diodoro

259 4159 378 4226 Sic.
406 4162 635 4227 XVII.
666 4181 776 4246 34.
848 4161 1117 4227 Curtius
1143 4162 1269 4226 III.
1301 4182 1402 4242 11,
1435 4182 1536 4236 10.
1608 4160 1890 4228 Justinus
1918 4158 2042 4223 XI.
2075 4179 2138 4244 9.
2171 4178 2237 4242 9.

336 4257 488 4348 327.
536 4264 621 4327 A.
664 4265 795 4351 πρὸς
840 4265 903 4326 δὲ·
939 4263 1204 4351 roizy—J
1258 4265 1373 4330 Or.
1416 4264 1507 4327 ΙΙ.
1537 4285 1616 4350 .p.
1653 4282 1807 4359 341.
1845 4261 1940 4326 -Α,
1986 4259 2229 4338 saltem,
2270 4261 2328 4322 ἐν
