2850 4817
419 310 531 370 DE
574 307 775 370 sm
814 305 1172 370 Nufflms
1212 306 1620 371 vmmc'rA.
1661 332 1718 390 p.
1749 310 1886 388 556.
1916 312 1984 382 Α,
2007 309 2082 392 Β,
2210 265 2326 390 377

87 483 92 504 ι
226 435 451 536 nibus
494 469 769 536 scelerax
807 469 1118 558 fugienda
1155 469 1301 551 effe,
1330 469 1462 558 ipse
1489 437 1712 536 docuit
1754 467 2092 557 Epicurus,
2125 483 2202 536 ut
2227 494 2331 538 re-

83 603 88 656 Ιι
226 573 385 636 fert
430 572 811 637 Plutarchus
848 571 940 636 N.
984 574 1174 637 Suav.
1213 571 1358 638 vivi
1391 574 1537 637 Sec.
1569 573 1828 658 Epicur.
1859 571 1926 659 p'.
1957 592 2140 659 1090.
2213 575 2354 640 Sex-¹

81 663 178 761 ’ἡ
230 695 423 738 neca
457 676 627 764 Ep.
616 672 897 738 XCVII.
932 695 999 759 p.
1030 675 1197 760 609.
1220 687 1289 738 et
1315 673 1405 739 ibi
1435 675 1498 740 J.
1529 673 1702 760 Lips.
1793 674 2096 740 Ceterum
2137 697 2332 762 quam

237 775 459 840 ἔννοιαν
483 775 664 861 supra
690 774 908 861 tetigit
934 775 1163 854 noster,
1192 773 1511 862 ἀνατρέψας
1534 778 1611 838 τοὶ
1644 775 1940 840 κάλλιστα
1963 778 2058 840 καὶ
2079 776 2334 863 μέγιστα
2455 849 2464 860 .

98 931 105 940 .
239 887 369 941 τῶν
411 881 465 941 ἐν
506 876 795 962 ἀνθρώποις
838 876 1059 940 δικαίων
1101 889 1226 942 cet.
1274 899 1415 942 eam
1452 876 1718 1018 pulchre
1761 879 2054 965 expreffit
2099 879 2334 944 Perfius
2405 969 2410 980 Ι

247 983 399 1045 Sat.
434 980 561 1045 ΙΙΙ.
593 977 677 1042 vs.
707 994 816 1064 35.
922 1055 931 1061 ι

517 1083 760 1167 Magne
782 1093 955 1169 pater
980 1080 1235 1146 divum!
1253 1082 1460 1167 saevos
1484 1081 1692 1169 punire
1719 1095 1988 1168 tyrannos

517 1183 716 1248 Haud
736 1181 865 1247 alia
894 1183 1115 1250 ratione
1138 1181 1312 1262 velis,
1342 1206 1473 1246 cum
1495 1183 1638 1248 dira
1666 1184 1840 1250 libido

514 1285 839 1350 Movm't
818 1284 1399 1372 mgeniumfewenti
1428 1285 1612 1350 tincta
1638 1311 1875 1367 venena,

472 1387 821 1452 Virtutem
844 1388 1093 1454 videant
1118 1387 1584 1477 intabescantque
1610 1389 1838 1455 reliHa.
1900 1429 1904 1434 .

347 1511 415 1576 p.
440 1492 591 1576 556.
623 1493 709 1555 A.
739 1488 969 1577 Ὥσπερ
1004 1497 1099 1568 τῆς
1132 1492 1296 1566 Ἰνοῦς
1336 1494 1391 1555 ἐν
1429 1496 1540 1566 τοῖς
1569 1491 1806 1580 θεάτροις
1834 1493 2106 1579 λεγούσης
2131 1495 2330 1560 ἀκουό-
2349 1508 2446 1582 60

258 1619 387 1677 μεν,
421 1594 600 1658 thimo
636 1597 1162 1679 γυναῖκες-ταῦτα
1178 1595 1331 1668 ἐἲκδς
1360 1593 1600 1658 ἑκάστου
1626 1604 1734 1659 τῶν
1762 1606 1996 1684 πονηρῶν
2023 1601 2118 1675 τὴν
2144 1599 2334 1685 ψυχὴν
2417 1651 2434 1662 .

259 1695 603 1780 ἀναπολεῖν]
657 1696 822 1758 Haec
868 1717 995 1760 non
1040 1709 1190 1781 apte
1234 1716 1385 1759 cum
1420 1694 1952 1800 antecedentibus
1980 1698 2331 1780 cobserent,

263 1810 337 1862 ut
376 1796 535 1862 vidit
568 1795 766 1861 etiam
801 1796 943 1861 Cel.
977 1795 1283 1875 Reiskius,
1314 1795 1426 1882 qui
1453 1817 1570 1881 pro
1598 1795 1778 1883 ὥσπερ
1807 1799 2071 1886 corrigit
2097 1803 2170 1874 ὥς
2192 1806 2332 1888 γὰρ.

153 1887 161 1894 ”
263 1899 393 1965 Sed
430 1923 577 1965 cum
619 1898 841 1964 eadem
888 1899 1095 1964 forma
1132 1896 1421 1986 proxime
1461 1899 1860 1984 praecefferit,
1887 1899 2116 1990 ‘'ssa-mg
2151 1908 2267 1989 γὰρ
2307 1909 2334 1968 ὁ

260 2001 563 2085 Σιμωνίδης
592 2028 652 2066 κ.
678 2026 736 2066 τ.
765 2016 827 2065 λ.
858 1999 1119 2064 mallem
1148 1999 1215 2065 h.
1242 1999 1291 2064 l.
1329 1997 1519 2064 KaW
1475 2025 1658 2087 weng
1685 2027 1742 2065 τ.
1772 2004 1988 2076 Ἰνοῦς.
2024 2002 2342 2069 Ceterum

260 2107 425 2180 Ἰνοῦς
454 2103 695 2169 habent
727 2102 885 2168 Ald.
926 2101 1062 2167 Bas.
1094 2102 1267 2169 Voff.
1306 2115 1397 2181 et,
1429 2115 1504 2167 ut
1533 2101 1802 2183 videtur,
1833 2103 2088 2170 Schotti
2123 2105 2332 2171 Codd.

261 2231 340 2274 ex
380 2206 613 2293 quibus
654 2205 749 2269 nil
790 2204 1159 2269 diversitatis
1202 2205 1585 2270 adnotatum
1629 2206 1749 2270 est·
1795 2207 1877 2271 ab
1917 2207 2103 2277 Harl.
2123 2208 2333 2295 plane

260 2313 429 2376 abest
474 2310 600 2374 hoc
646 2293 920 2376 nomen.
970 2308 1035 2372 in
1073 2307 1243 2372 Edd.
1284 2309 1437 2396 Xyl.
1469 2311 1694 2396 Steph.
1729 2310 1915 2375 Paris.
1947 2311 2157 2376 nescio
2186 2335 2333 2400 quae

259 2414 507 2481 incuria
545 2413 779 2478 invexit
806 2413 1454 2500 Οἰινους.1)ερι·οῐιιῖί
1495 2427 1711 2478 autem
1743 2414 1889 2479 sunt
1916 2414 1987 2479 hi
2017 2417 2223 2481 versus
2251 2439 2332 2480 ex

259 2515 584 2602 Euripidis
626 2514 955 2603 deperdita
998 2514 1215 2580 fabula
1248 2517 1379 2594 Ino,
1416 2529 1492 2580 ut
1527 2516 1829 2581 veriffime
1865 2516 2207 2605 suspicatus
2245 2521 2333 2584 est

262 2619 408 2684 Cel.
461 2617 925 2683 Valckenarius
977 2617 1045 2682 in
1113 2617 1464 2702 immqrtali
1528 2617 1828 2683 Diatriba
1885 2619 1952 2684 in
2008 2620 2333 2712 Euripidis

262 2726 520 2810 Fragm.
565 2722 727 2807 Cap.
762 2721 982 2794 XVII.
1021 2742 1087 2806 p.
1125 2722 1483 2805 173.-—Pro
1523 2727 1710 2785 ταῦτα
1753 2722 2204 2810 corrigendum
2240 2725 2331 2789 vi-

259 2824 454 2889 detur
489 2825 687 2911 ταότῃ,
717 2836 794 2888 ut
829 2822 1059 2888 melius
1087 2822 1464 2908 respondeat
1491 2829 1570 2908 τῷ
1595 2821 1800 2912 ὥσπερ.
1888 2828 2055 2900 Εἰκὸς
2099 2847 2330 2912 perpe-

262 2949 401 2992 ram
439 2927 607 2991 abest
647 2926 729 2990 ab
770 2924 950 2990 Harl.
996 2924 1153 2989 Ald.
1199 2938 1266 2989 et
1307 2926 1452 2988 Bas.
1492 2926 1840 3005 Ἀναπολεῖν,
1868 2927 1975 2989 Yin
2002 2929 2331 2992 memoriam

256 3052 547 3105 revocare,
560 3029 763 3114 ficum
789 3038 1078 3113 reputare,
1108 3025 1369 3114 elegans
1400 3027 1486 3090 est
1513 3027 1814 3093 verbum:
1851 3028 1930 3092 fic
1965 3027 2144 3092 Plato
2177 3027 2328 3092 Phi-

257 3129 393 3196 leb.
424 3151 493 3216 p.
519 3131 622 3193 81.
657 3129 742 3193 G.
807 3128 991 3194 Philo
1020 3128 1173 3193 Jud.
1211 3127 1514 3214 Flacc..p.
1545 3149 1694 3215 990.
1722 3130 1812 3193 D.
1861 3150 2009 3214 994.
2043 3131 2120 3194 E.
2164 3131 2328 3219 Leg.
2357 3169 2362 3178 -

262 3231 409 3320 Caj.
444 3253 508 3318 p.
542 3250 725 3317 1035.
752 3229 833 3296 C.
899 3229 1055 3295 Vid.
1089 3231 1482 3316 Interpretes
1505 3228 1586 3293 ad
1614 3229 2012 3317 Hesychium
2040 3233 2123 3297 V.
2168 3224 2331 3296 ’Ave'-

257 3333 506 3411 πόλησα.
558 3333 1103 3420 Pythagoreorum
1129 3327 1590 3395 commentatio
1611 3331 1982 3418 quotidiana
2002 3333 2162 3398 ειᾶεε
2190 3334 2330 3399 vitae

260 3434 597 3512 ἁναπὸλησις
640 3448 924 3498 vocatur.
1013 3430 1347 3518 Epiaetus
1389 3433 1643 3496 Arriani
1685 3435 1763 3498 L.
1799 3436 1931 3498 'IV.
1965 3435 2050 3499 D.
2096 3437 2215 3502 VI.
2261 3458 2325 3522 p.

258 3539 412 3600 618.
460 3535 720 3599 ἀναπόλει
763 3539 836 3599 τὰ
880 3532 1266 3623 πεπραγμένα·
1310 3539 1386 3619 πῇ
1426 3531 1708 3619 παρέβηνς
1755 3534 2089 3601 Hierocles
2125 3537 2326 3602 Com-

260 3651 468 3703 ment.
510 3638 675 3704 Aur.
718 3637 937 3702 Carm.
981 3658 1046 3723 p.
1079 3655 1224 3721 213.
1268 3641 1425 3714 ᾑτῆς
1467 3635 1813 3723 καθημερινῆς
1857 3641 1988 3720 ζωῆς
2031 3639 2330 3726 ἀνάμνησις

258 3743 465 3828 μελέτη
494 3741 709 3827 γίνεται
737 3747 829 3819 τῆς
856 3750 965 3806 τῶν
990 3740 1438 3826 προβεβιωμένων
1465 3734 1873 3821 arimaspem.

342 3846 497 3930 556.
530 3845 607 3909 B.
653 3847 741 3907 Οὔ
776 3843 891 3929 γάρ
920 3846 1039 3906 ἔστι
1070 3842 1503 3930 θαρῥᾶλεον--ἔν
1534 3843 1606 3917 οἷς
1635 3848 1970 3929 προαιρεῖται
1998 3845 2061 3908 τὸ
2087 3847 2327 3933 πονηρόν.

254 3954 303 4012 εἰ
339 3953 419 4032 μὴ
462 3945 523 4026 νῆ
561 3945 679 4012 Δία
714 3945 909 4028 σοφούς
947 3970 1099 4020 τινας
1128 3945 1260 4010 εἶναι
1288 3945 1528 4028 φήσομεν
1554 3947 1678 4021 τοὺς
1701 3949 2019 4021 ἀδικοῦντας
2041 3949 2088 4032 2]
2141 3961 2170 3992 ²
2189 3950 2324 4014 Pri-

323 4191 349 4215 ¹
382 4180 485 4228 Cic.
508 4179 614 4227 Fin.
638 4180 677 4226 1.
706 4187 782 4228 16.
1410 4187 1432 4211 ⁸
1451 4177 1591 4226 Philo
1610 4179 1726 4226 Jud.
1747 4179 1856 4226 Eus.
1875 4179 2011 4226 vlu.
2029 4189 2140 4236 387.
2157 4183 2217 4231 A.
2234 4185 2329 4248 seq.

322 4259 668 4312 riaeoemaeoziu.
686 4261 817 4310 Plato
830 4262 940 4322 Leg.
954 4259 1043 4309 IV.
1058 4266 1171 4308 608.
1185 4259 1248 4324 G.
1348 4259 1459 4306 vid.
1473 4259 1684 4306 omnino
1705 4258 1808 4308 Cic.
1832 4259 2030 4326 Leg.·11.
2057 4261 2132 4318 1?-
