2850 4817
506 320 588 396 4⁶
785 318 866 377 n.
903 316 1003 375 W.
1045 313 1439 375 mmmv.
1482 312 1573 373 m
1610 310 2079 373 nominem
2120 263 2277 369 m.

500 459 698 545 archo
738 478 844 543 De
873 476 1112 541 1fid.et
1139 474 1297 541 ofir.
1326 496 1395 563 p.
1424 475 1579 561 363.
1606 474 1702 537 Ε.
1748 471 1979 536 Mundi
2016 469 2247 534 vultum
2272 470 2383 557 ff
2422 468 2588 534 Ori-

499 592 708 660 entem,
751 579 937 667 igitur
979 577 1294 666 Septentrio
1333 577 1422 640 ad
1456 573 2079 655 dextram‚1bleridies
2124 574 2213 637 ad
2226 572 2579 658 stnfflram.
2558 598 2589 619 ’

502 681 769 748 Nilum
745 705 809 745 m
828 680 1090 744 Meridie
1111 692 1335 758 natum,
1365 678 1431 742 in
1454 676 1847 767 septentrione
1862 676 2093 765 μῆνες
2134 675 2268 738 binc
2308 698 2476 738 mare
2516 685 2587 737 et

495 782 748 873 plagam
769 781 867 846 ubi
885 781 1041 869 perit
1063 779 1278 861 Nilus,
1299 778 1613 867 irfazstam
1646 776 1869 843 haberi.
1956 776 2273 885 Cognata!
2300 774 2583 863 originis

496 878 828 951 censenda
851 884 939 947 est
973 882 1196 971 opinio
1226 881 1561 969 Porphyrii
1587 882 1693 947 De
1720 880 1934 945 Antro
1960 866 2259 968 Nymph.
2291 882 2356 965 ξ.
2390 899 2468 947 21
2502 890 2581 945 et

499 1008 605 1076 29,
649 984 942 1051 mortalia
985 984 1488 1073 Septentrionali
1533 984 1789 1072 plagae,
1814 983 2205 1049 immortalia
2244 982 2575 1048 Meridio-

495 1088 626 1155 nali
668 1088 1002 1175 affignans.
1090 1089 1178 1152 Et
1218 1085 1549 1151 Her-metis
1596 1084 1772 1150 illius
1815 1084 2273 1173 AEgyptiacam
2316 1084 2573 1171 sapien-

347 1265 352 1273 ¹
493 1190 654 1255 tiam
680 1212 810 1277 prae
848 1190 909 1255 se
949 1189 1234 1270 ferentis,
1271 1188 1449 1277 apud
1486 1190 1818 1255 Stobaeum
1858 1188 1923 1251 in
1969 1187 2200 1274 Eclog.
2231 1188 2286 1250 I.
2313 1208 2379 1273 p.
2412 1186 2571 1273 9'90.

501 1290 782 1357 Univerfi
811 1304 1008 1377 caput
1033 1290 1118 1357 ad
1153 1289 1525 1370 Meridiem,
1552 1290 1749 1376 pedes
1772 1288 1858 1355 ad
1884 1287 2404 1375 Septentrionem
2449 1309 2574 1375 po-

354 1426 366 1431 ·
495 1415 680 1459 nene.
766 1391 1063 1459 Indidem
1105 1392 1566 1479 explicabimus
1608 1406 1858 1479 partem
1899 1392 2231 1458 obscuram
2274 1390 2341 1455 in
2382 1390 2568 1455 Plut-

495 1495 671 1561 archi
713 1494 931 1561 fabula
959 1495 1040 1561 de
1067 1487 1443 1583 regionibus
1477 1494 1898 1560 coelestibus
1880 1516 1947 1559 m
1991 1493 2157 1559 libro
2199 1495 2304 1560 De
2349 1494 2566 1559 Genio

497 1597 776 1663 Socratis
807 1618 871 1683 p.
899 1617 1056 1684 590.
1086 1599 1176 1662 D.

583 1702 728 1768 282.
760 1702 831 1765 F.
860 1698 931 1765 σθ’
936 1702 982 1786 .]
1033 1702 1136 1767 De
1174 1700 1501 1789 Pyrrhone
1524 1695 1841 1786 LiparaeO,
1872 1711 1941 1764 et
1970 1697 2053 1764 de
2080 1699 2205 1765 offe
2236 1720 2318 1763 ex
2338 1698 2568 1765 fimere

495 1801 609 1867 viri
657 1802 1062 1888 triumphalis
1119 1818 1414 1889 exceptu,
1467 1801 1847 1890 singularem
1900 1801 2067 1867 hanc
2122 1800 2391 1867 arbitror
2438 1800 2567 1866 effe

493 1904 912 1970 mentionem.
1001 1905 1273 1971 Fabricii
1323 1904 1447 1971 hac
1497 1906 1565 1970 in
1618 1905 1826 1970 cauffa
1871 1905 2183 1969 honorem
2235 1903 2562 1985 meminit,

492 2006 651 2073 item
693 2006 932 2073 Valerii
973 2030 1048 2073 ac
1087 2007 1376 2087 Tuberti,
1421 2006 1596 2094 quod
1640 2020 1708 2073 et
1749 2007 1894 2093 ipfis
1936 2020 2006 2071 et
2046 2029 2269 2071 eorum
2300 2007 2563 2092 posteris

493 2110 809 2176 tributum
853 2111 928 2175 fit
964 2126 1040 2177 ut
1074 2111 1140 2177 in
1172 2113 1332 2177 urbe
1375 2110 1813 2199 sepelirentur,
1863 2110 2093 2176 Cicero
2129 2114 2292 2198 Leg.
2324 2108 2416 2175 ΙΙ.
2453 2131 2563 2198 23.

497 2212 604 2279 De
643 2211 904 2278 Valerio
948 2212 1274 2278 Publicola
1315 2213 1544 2277 diserte
1590 2212 2029 2279 Plutarchus'
2012 2236 2077 2278 m
2119 2212 2276 2299 Ejus
2313 2213 2467 2279 Vita
2494 2228 2563 2300 p.

413 2388 420 2399 Ι
497 2333 644 2401 109.
675 2314 765 2379 D.

579 2434 647 2499 p.
682 2415 831 2499 283.
861 2415 948 2480 A.
976 2408 1022 2478 τ’
1015 2413 1088 2501 ’.]
1134 2414 1431 2482 Valerius
1471 2416 1653 2481 Max.
1694 2417 1786 2481 II.
1828 2416 1891 2497 8,
1934 2418 2017 2481 6·
2063 2415 2261 2480 Moris
2297 2428 2446 2496 erat,
2484 2417 2562 2480 ab

488 2517 830 2604 imperatore
857 2518 1208 2606 triumphum
1237 2520 1477 2583 duam
1504 2518 1775 2606 Consules
1802 2518 2051 2583 invitari
2078 2520 2165 2583 ad
2176 2540 2428 2596 coenam,
2452 2520 2557 2582 de-

489 2620 626 2683 inde
649 2619 851 2705 rogari
877 2632 944 2682 ut
977 2620 1179 2684 venire
1199 2623 1617 2709 ficperfideant
1632 2649 1659 2701 ,-
1703 2646 1776 2685 ne
1814 2622 1941 2710 quis
1968 2646 2029 2685 eo
2056 2623 2153 2686 die
2178 2646 2286 2710 quo
2312 2620 2419 2685 ille
2444 2622 2557 2684 tri-

487 2720 804 2808 umpharit,
832 2720 1068 2808 maioris
1093 2722 1155 2785 in
1182 2723 1371 2785 eodem
1401 2723 1657 2787 convivio
1662 2724 1754 2809 stt
1779 2723 2022 2810 imperii.

577 2823 726 2908 283.
752 2823 839 2887 A.
860 2822 1008 2909 vast]
1043 2824 1485 2890 Vehementer
1502 2825 1584 2889 de
1602 2824 1722 2890 hac
1747 2824 2112 2913 Quaestione
2136 2824 2557 2891 Plutarchum

485 2924 897 3013 reprehendit
925 2924 993 2990 J.
1025 2926 1310 2991 Rualdus
1337 2926 1671 2992 ostendens
1700 2927 2065 2993 Tribunum
2098 2927 2305 2992 Plebis
2333 2942 2400 2993 et
2420 2952 2557 2992 ma-

379 3054 409 3086 ·
481 3024 791 3114 gastratum
809 3025 1021 3114 suff,
1067 3039 1137 3092 et
1167 3041 1495 3115 purpuram
1529 3028 1787 3115 gestqfflt,
1827 3028 1988 3093 illud
2028 3028 2289 3115 quidem
2333 3028 2558 3102 multis

485 3128 878 3215 Scriptorum
909 3127 1109 3209 locisg,
1139 3128 1290 3208 hoc,
1324 3152 1457 3194 uno
1484 3152 1564 3194 ex
1595 3128 1926 3195 Ciceronis
1956 3131 2137 3197 Orat.
2169 3129 2559 3197 Cluentiana

485 3251 628 3316 cap.
651 3248 764 3310 40.
790 3228 1160 3294 ubidicitur
1184 3230 1267 3295 de
1294 3230 1604 3318 Quinctio
1634 3231 1806 3296 Trib.
1841 3231 1935 3296 Pl.
2005 3231 2208 3296 Facite
2230 3245 2298 3296 ut
2322 3234 2557 3321 ⁷20an-

388 3399 396 3409 ,
485 3330 608 3395 l‘um
635 3353 810 3394 mores
838 3329 959 3417 qim·
999 3342 1054 3394 et
1073 3333 1513 3418 arrogantiam,
1536 3334 1662 3421 fid
1694 3334 1869 3399 etiam
1909 3334 2164 3415 vultum,
2193 3347 2367 3424 atque
2396 3338 2555 3401 ami·

484 3438 661 3512 aum,
691 3444 866 3521 atque
899 3430 1068 3495 illam
1103 3432 1279 3520 zfffque
1315 3438 1404 3499 ad
1436 3433 1583 3499 talos
1618 3434 1912 3522 demff'ſjam
1938 3449 2268 3523 purpuram
2293 3438 2553 3502 recorde-

481 3532 648 3596 mini.
735 3533 900 3621 Quae
944 3533 1076 3597 fere
1097 3534 1315 3611 sumfit
1343 3556 1422 3599 ex
1453 3534 1631 3600 Pauli
1660 3536 1944 3601 Manutii
1975 3536 2459 3603 Commentario
2486 3538 2557 3604 in

483 3632 816 3697 Ciceronis
853 3635 976 3722 Ep.
1013 3632 1100 3699 ad'
1128 3634 1370 3700 Divers.
1413 3638 1468 3700 1.
1503 3652 1565 3721 7.
1597 3657 1666 3722 p.
1694 3637 1804 3722 38.
1892 3638 1988 3727 Etr
2024 3660 2143 3703 nos
2184 3638 2342 3704 alios
2386 3639 2554 3706 duos

477 3739 658 3805 locos
685 3741 1128 3805 annotavimus
1155 3742 1269 3807 ubi
1295 3742 1473 3807 Trib.
1505 3742 1599 3807 Pl.
1637 3743 2035 3832 magistratus
2078 3744 2337 3825 dicitur,
2379 3748 2550 3812 Var-

477 3842 652 3907 ronis
679 3841 856 3928 apud
879 3842 1164 3908 Gellium
1195 3844 1391 3908 XIII.
1424 3862 1527 3911 12.
1605 3844 1934 3910 Ciceronis
1956 3848 2120 3934 Leg.
2154 3848 2279 3911 ΙΙΙ.
2308 3858 2549 3933 3-12.
2604 3860 2634 3906 .’

479 3942 709 4011 Facilis
735 3943 822 4007 est
850 3942 1129 4009 defenfio
1161 3943 1527 4009 Plutarchi.·
1590 3945 1899 4026 Primum,
1929 3970 2072 4013 non·
2091 3962 2285 4037 negat
2308 3949 2551 4015 Tribu-

475 4066 632 4109 num
664 4045 757 4110 Pl.
798 4043 929 4109 dici
964 4044 1315 4132 haberique
1350 4044 1753 4132 mag-{stratum
1767 4074 1795 4128 ,-
1839 4048 1947 4115 sed
1974 4051 2203 4136 quaerit
2228 4073 2311 4115 an
2336 4052 2548 4140 mag-is

473 4146 776 4237 opinione
819 4159 888 4210 et
932 4146 1217 4227 nomine,
1263 4168 1459 4233 quam
1494 4147 1723 4236 reipsa
1748 4150 1843 4215 fit.
1933 4151 2215 4234 Deinde,
2258 4152 2551 4241 loquitur

471 4244 680 4337 magia
722 4245 804 4311 de
835 4246 948 4313 sua
982 4260 1194 4330 aetate,
1240 4270 1435 4336 quam
1471 4249 1554 4317 de
1590 4263 1879 4339 tempore
1902 4251 2121 4321 libcrae
2150 4254 2545 4345 reipublicae,
