2850 4817
545 416 1074 481 QUAESTIONES
1114 416 1518 479 ROMANAS.
1560 440 1619 501 p.
1652 420 1783 479 288.
1814 420 2017 481 Β-Ε,
2238 440 2311 503 ⁵3

229 570 498 643 Sabinis
534 576 882 643 Romulum
917 576 1374 664 gratificatum,
1411 590 1591 643 erant
1634 580 1742 665 qui
1787 579 2133 663 traderent,
2162 583 2316 649 teste

231 678 588 744 Plutarcho
629 678 698 743 in
737 679 898 767 Ejus
928 678 1084 745 Vita
1117 700 1184 765 p.
1227 698 1338 765 30.
1380 678 1463 745 C.
1552 680 1891 769 originem
1921 704 1959 745 a
1984 684 2316 771 Tarquinii

229 780 305 845 in
350 779 626 869 pueritia
664 780 922 870 fortiter
948 780 1122 846 facto
1149 781 1511 868 repetitam,
1544 782 1758 869 prodit
1784 806 2045 870 quoque
2075 786 2315 851 Plinius

231 884 335 948 H.
365 886 462 949 N.
493 885 816 949 XXXIII.
848 904 927 966 4:
961 910 1000 948 a
1033 885 1354 973 Tarquinio
1385 884 1583 973 Prisco
1610 886 1858 951 omnium
1872 888 2071 973 primo
2076 886 2313 973 filium,

232 1010 416 1075 quum
445 986 505 1049 in
525 997 836 1075 praetextae
863 986 1034 1050 annis
1069 987 1350 1073 occidf'ffbt
1377 985 1603 1071 bostem,
1636 985 1798 1051 bulla
1827 1010 2009 1053 aurea
2036 989 2317 1055 donatum

231 1089 455 1173 constat
467 1116 496 1167 ,-
539 1090 694 1153 unde
721 1112 838 1153 mos
865 1088 1050 1153 bulla
1076 1089 1346 1169 duravit,
1375 1102 1443 1153 ut
1470 1114 1663 1155 eorum
1690 1090 1792 1178 qui
1818 1113 1957 1177 equo
1985 1092 2317 1179 memf’ffent

209 1190 358 1279 filii
391 1191 615 1279 irfigm
649 1192 722 1255 id
759 1192 1052 1271 baberent,
1096 1192 1298 1257 coeteri
1342 1191 1548 1257 lorum.
1639 1190 1814 1257 Cum
1842 1194 2148 1277 Varronis,
2171 1196 2318 1285 ety'·

235 1293 528 1381 mologia
571 1293 875 1382 congruit
912 1294 1126 1359 Festus
1167 1315 1233 1381 p.
1273 1296 1398 1380 56:
1474 1292 1666 1359 Bulla
1702 1316 1884 1359 aurea
1924 1306 2056 1359 erat
2096 1297 2321 1385 irfigne

228 1412 546 1485 puerorum
579 1408 1070 1485 praetextatorum
1103 1419 1246 1484 quae
1275 1397 1632 1485 dependebat
1656 1396 1737 1461 eis
1765 1422 1806 1459 a
1824 1404 2073 1485 pedore,
2100 1400 2317 1489 utstg-

229 1497 574 1585 nificaretur
615 1523 746 1564 eam
782 1510 1018 1563 atatem
1047 1498 1294 1564 alterius
1333 1500 1653 1585 regendam
1695 1499 1803 1587 ff
1844 1498 2065 1585 consilio
2086 1526 2107 1564 .-
2153 1502 2317 1567 άὶᾶα

230 1612 434 1663 autem
460 1597 541 1684 ss
563 1624 604 1663 a
637 1600 854 1665 Graeco
859 1602 1128 1687 sermone
1152 1603 1350 1681 βουλὴ,
1381 1602 1537 1689 quod
1556 1600 1848 1699 confilium
1876 1600 2100 1665 dicitur
2130 1602 2315 1668 Lati-

227 1726 304 1765 ne
323 1728 346 1766 .·
391 1701 498 1766 vel
536 1703 680 1791 quia
715 1727 844 1766 eam
861 1715 1094 1793 partem
1123 1704 1364 1791 corporis
1393 1702 1558 1768 bulla
1578 1703 1899 1792 contingat,
1930 1704 1999 1767 id
2022 1703 2097 1789 4st
2113 1712 2314 1792 peam-

229 1805 296 1867 in
323 1829 440 1893 quo
469 1804 750 1869 naturale
775 1818 972 1870 manet
1000 1806 1312 1892 corfilium.
1393 1805 1765 1871 Comoedias
1796 1806 2178 1871 Plutarchus
2207 1804 2311 1870 di·

229 1908 326 1973 cit
353 1921 612 1994 togataS,
643 1932 724 1975 ex
750 1931 880 1996 quo
906 1932 1142 1997 genere
1171 1909 1364 1982 nullae
1394 1908 1767 1996 superfunt3
1816 1930 1967 1973 nam
2002 1908 2209 1974 Plauti
2236 1930 2312 1973 ac

228 2010 518 2105 Terentii
555 2010 700 2075 sunt
731 2009 1034 2097 palliatoe.
1123 2013 1250 2077 Res
1291 2009 1428 2097 ipsa
1471 2009 1693 2075 multis
1732 2009 1983 2074 indiciis
2020 2008 2310 2074 observa-

231 2122 362 2175 tur.
455 2112 846 2199 Hujusmodi
884 2114 970 2178 est
1007 2112 1263 2179 Horatii
1298 2114 1435 2178 Sat.
1468 2111 1525 2175 Ῑ.
1565 2130 1629 2179 2.
1670 2127 1826 2197 117:
1888 2110 2159 2189 Ancilla,
2205 2122 2315 2175 aut

231 2237 423 2277 verna
453 2212 531 2297 4st
552 2213 768 2301 praesto
788 2229 961 2303 puer,
991 2215 1235 2303 impetus
1263 2213 1330 2277 in
1359 2238 1523 2302 quem
1556 2214 1838 2279 Continuo
1843 2212 2085 2299 fiat—.
2153 2216 2310 2277 Em-

235 2314 574 2400 pedoclem
606 2319 869 2393 δισκοειδῆ
909 2318 1177 2403 figuram
1225 2317 1428 2381 Lunae
1472 2314 1768 2396 statuiffe,
1798 2314 2017 2403 prodit
2053 2327 2119 2380 et
2158 2315 2308 2381 scri-

231 2431 386 2502 ptor
415 2417 496 2482 de
529 2417 782 2484 Placitis
826 2418 1352 2506 Philosophorum
1383 2419 1478 2484 II.
1478 2436 1616 2501 ,27
1648 2440 1712 2505 p.
1744 2418 1893 2505 891.
1926 2417 2008 2483 C.
2082 2417 2307 2498 Βόλλα,

233 2518 591 2595 AEolicum‚
635 2541 752 2606 pro
795 2524 970 2601 βουλὴ
1013 2520 1284 2599 ᾶὶἃιιω,
1327 2519 1574 2585 notavit
1606 2520 1888 2585 Koenius
1918 2519 1999 2584 ad
2030 2521 2309 2609 Gregor.

232 2622 341 2685 De
380 2621 693 2687 Dialectis
730 2643 797 2708 p.
843 2623 950 2703 82,
994 2622 1120 2710 seq.
1159 2635 1229 2687 ct
1253 2621 1722 2689 Valckenarius
1764 2622 1847 2687 ad
1888 2624 2309 2689 Theocritum

317 2848 389 2912 Ρ.
422 2772 567 2891 288.
597 2829 674 2891 Β.
703 2826 847 2913 pff]
901 2826 1048 2891 Dies
1085 2826 1302 2911 lustrici
1339 2825 1407 2891 hi
1437 2826 1839 2891 dicebantur.
1930 2828 2305 2893 Macrobius

233 2927 376 2991 Sat.
425 2928 480 2991 I.
526 2929 628 2992 16.
668 2948 736 3014 p.
775 2916 939 3014 269.
999 2927 1112 3011 Est
1155 2934 1349 2992 autem
1400 2928 1524 2991 dies
1566 2924 1857 3010 lzfirim,
1899 2950 2006 3015 quo
2048 2926 2309 3015 infantes

231 3026 555 3110 ltfirantur
591 3040 647 3091 et
682 3053 886 3093 nomen
928 3030 1254 3115 accipiunt.-
1279 3030 1402 3116 fid
1440 3029 1491 3092 is
1530 3028 1786 3092 maribus
1822 3050 2030 3106 nonus,
2070 3036 2308 3092 odavus

233 3128 312 3211 ,est
327 3128 611 3215 firminis,
691 3122 920 3195 ‘Festus
951 3152 1020 3218 p.
1061 3149 1226 3218 209.
1274 3129 1532 3214 Lustrici
1575 3130 1697 3194 dies
1735 3128 2060 3217 infantium
2103 3129 2307 3217 appel-

234 3229 466 3311 lantur,
501 3230 840 3319 puellarum
881 3241 1141 3311 offavus,
1178 3246 1483 3320 puerorum
1524 3256 1747 3308 nemum
1791 3230 1892 3320 qui
1930 3230 2018 3295 his
2046 3230 2303 3314 lustran-

234 3345 358 3413 tur,
413 3346 594 3423 atque
634 3335 714 3397 eis
763 3334 996 3401 nomina
1044 3336 1435 3423 imponuntur.
1527 3334 1935 3400 Suetonius
1919 3358 1985 3398 m
2038 3335 2306 3399 Nerone

232 3437 354 3501 VI.
427 3436 757 3501 Arnobius
785 3436 954 3502 Adv.
985 3438 1182 3501 Gent.
1217 3437 1343 3501 III.
1375 3459 1440 3524 p.
1476 3456 1620 3504 102.
1697 3436 2026 3524 Septimus
2055 3436 2190 3501 dies
2218 3438 2307 3501 est
2412 3438 2419 3445 ’

233 3536 486 3623 κρίσιμος
523 3538 711 3619 natis»,
749 3540 1009 3604 auctore
1059 3540 1451 3626 Hippocrate
1489 3539 1596 3603 De
1633 3539 1993 3605 Octimestri
2020 3541 2209 3604 Partu
2237 3560 2304 3625 p.

234 3650 382 3722 257.
427 3640 738 3725 Appofite
764 3640 1134 3705 Aristoteles
1163 3640 1328 3706 Hist.
1360 3638 1645 3704 Animal.
1677 3637 1867 3706 VIII.
1892 3658 2007 3707 12:
2037 3644 2114 3702 τὰ
2140 3640 2304 3703 πλεῖ-

233 3766 346 3803 στα
385 3742 444 3805 ’δὲ
486 3742 725 3827 (παιδία)
771 3746 1074 3831 ἀναιρεῖται
1117 3744 1217 3827 πρὸ
1263 3748 1356 3820 τῆς
1399 3742 1647 3825 ἑβδόμης·
1696 3744 1774 3806 διὸ
1811 3743 1907 3805 καὶ
1946 3745 2022 3805 τὰ
2061 3741 2305 3824 ὀνόματα

227 3840 352 3906 τὸτε
386 3842 651 3935 τίθεινϊιιιι2
683 3846 753 3920 ὥς
782 3845 1124 3920 πιστεύοντες
1153 3845 1244 3923 ἤδη
1275 3850 1499 3927 μᾶλλον
1522 3848 1589 3930 τῇ
1619 3843 1881 3932 σωτηρίᾳ.
1961 3841 2303 3931 Pythago-

230 3966 400 4009 ream
439 3944 898 4012 Numerorum
917 3947 1232 4033 rationem
1261 3946 1447 4032 supra
1474 3946 1809 4033 attigimus
1838 3946 2076 4013 Quaest.
2108 3946 2304 4008 Rom.

227 4047 306 4127 β’.
337 4071 405 4136 Ρ.
442 4052 591 4133 264.
623 4040 710 4115 A.
799 4053 876 4116 In
905 4053 997 4116 τὸν
1019 4054 1122 4136 μὲν
1152 4050 1493 4138 τετράγωνον
1521 4050 1653 4115 dvm
1683 4050 1935 4137 plenius
1975 4050 2134 4113 dant
2151 4045 2301 4125 Pol.

231 4152 496 4218 LeoniC.
530 4152 788 4219 Schott.
822 4156 1004 4219 Mez.
1034 4181 1092 4219 τ.
1124 4183 1192 4237 μ.
1224 4152 1392 4240 ἄνδρα
1420 4179 1478 4217 τ.
1512 4178 1559 4216 ε.

243 4270 254 4279 ’
287 4256 466 4321 ’288
491 4257 570 4319 Ε..
601 4254 720 4343 py'.
703 4256 752 4341 .]
787 4256 894 4344 Sp.
925 4242 1414 4345 significarefine
1434 4266 1632 4344 patre,
1654 4252 1905 4318 videtur
1924 4250 2114 4314 etiam
2142 4248 2306 4315 velle
2390 4273 2397 4281 ·

234 4354 428 4422 Caius
459 4356 669 4421 Instit.
701 4356 760 4421 1.
788 4376 854 4438 4.
890 4356 951 4421 8.
997 4356 1108 4421 ubi
1147 4354 1574 4444 consulendus
1613 4342 2079 4439 Schultingius'.
2166 4351 2314 4417 Alii

1217 4476 1323 4544 ΕΒ
