2850 4817
1082 315 1603 378 rnatum-to.
2257 335 2376 400 299

300 473 714 542 insanabilem
741 472 943 540 animi
966 488 1309 564 erumpant
1338 475 1662 544 morbum.
1749 471 1922 540 Cum
1949 495 2100 542 vero
2127 474 2375 544 videret

302 575 630 666 integrum
669 575 1153 664 perfectumque
1184 574 1454 644 Justitiae
1487 597 1728 644 munus
1758 575 1824 640 in
1851 573 2050 664 hujus
2077 574 2224 644 vita
2249 597 2370 644 au-

301 677 524 767 gustiis
591 677 825 744 absolvi
881 699 1013 743 non
1066 679 1259 766 poffe,
1314 677 1385 763 id
1443 678 1554 744 fibi
1610 675 1828 744 sumfit
1879 677 2055 764 quod
2103 677 2382 766 prusen-

302 780 666 868 Epicureus
712 801 1044 867 nunquam
1093 779 1514 846 conceffiffet=
1563 777 1982 845 Providentia
2021 777 2224 866 igitur
2253 778 2374 845 ad·-

303 881 831 948 ministrationem
862 895 931 948 et
952 881 1183 948 anime
1202 881 1754 948 immortalitatem
1773 901 1896 970 pro
1919 880 2210 948 conceffa
2225 900 2378 968 pro-

302 984 587 1072 bataque
636 983 871 1063 sumfit,
920 996 990 1050 et
1036 985 1173 1071 post
1224 984 1393 1050 hanc
1439 983 1636 1048 vitam
1687 981 1920 1049 deli&
1959 981 2262 1071 punitum
2301 981 2380 1050 iri

305 1085 547 1152 statuit.
631 1085 921 1152 Tandem
963 1083 1460 1172 disputationem
1504 1082 1774 1172 notabili
1807 1081 1990 1150 exitu
2023 1081 2378 1166 concludit,

304 1186 622 1275 ‘l'hespefii
648 1185 977 1275 cujusdam
1006 1185 1327 1252 historiam
1355 1185 1694 1267 inducens,
1719 1183 1831 1274 qui
1857 1183 2078 1252 animo
2099 1184 2184 1251 ad
2209 1185 2378 1254 infe-

302 1311 416 1356 ros
441 1301 665 1376 raptus
692 1288 823 1406 ipse
848 1309 1182 1374 poenarum
1208 1309 1285 1354 ac
1311 1286 1718 1376 premiorum
1746 1285 1918 1354 testis
1935 1285 2170 1354 fuifl'et.
2225 1289 2380 1378 Quo

303 1391 456 1456 loco
496 1391 604 1456 etfi
646 1390 885 1456 mirum
922 1389 1031 1456 cui
1072 1388 1385 1469 videatur,
1414 1388 1748 1476 Epicureis
1789 1389 2074 1456 fabulam
2107 1410 2382 1479 eamque

308 1515 393 1558 ex
438 1513 519 1558 eo
564 1514 799 1580 genere
846 1491 1083 1579 opponi
1134 1489 1309 1578 quod
1355 1489 1467 1578 ipfi
1516 1489 1802 1557 maxime-
1837 1489 2256 1573 deridebnnt3
2308 1493 2380 1560 id

311 1607 531 1660 tamen
563 1593 942 1660 Plutarchus
976 1593 1091 1659 suo
1129 1591 1239 1658 fibi
1269 1591 1421 1681 juoe
1459 1593 1668 1658 facere
1705 1592 1942 1681 potuit.
2026 1595 2202 1660 Nam
2243 1595 2390 1683 pri-·

310 1683 497 1763 mum
549 1695 806 1782 quidem
859 1695 943 1760 ad
989 1693 1419 1760 illustrandam
1468 1693 1848 1760 sententiam
1895 1695 2185 1782 quamvis
2225 1718 2394 1783 pro··

308 1797 592 1864 habilem
618 1820 750 1863 non
778 1810 993 1878 tamen
1024 1795 1451 1876 certiffimam,
1481 1795 1574 1860 nil
1603 1795 1814 1882 aptius
1839 1808 1975 1861 erat
2000 1796 2113 1862 tali
2139 1797 2388 1867 fabula«

310 1900 567 1966 Deinde
613 1897 894 1966 Platonis
922 1899 1019 1965 sui
1056 1897 1505 1965 austeritatem
1533 1899 1934 1986 sequebatur,
1964 1899 2076 1988 qui
2106 1900 2385 1988 gravifli-

316 2001 441 2066 mis
490 2001 1023 2088 disputationibus
1062 2001 1145 2066 de
1182 1999 1411 2066 animm
1455 1999 1954 2082 immortalitate,
1999 2001 2083 2068 de
2124 2002 2384 2087 virtute,

313 2117 385 2169 et
425 2102 693 2191 justitia,
736 2103 805 2167 in
849 2102 1115 2190 Gorgia,
1164 2100 1508 2182 Phaedone,
1557 2100 1852 2182 Phaedro,
1895 2113 1965 2167 et
2005 2100 2260 2170 decimo
2299 2105 2396 2172 de·

315 2203 695 2292 Republica,
724 2203 1071 2269 fimillimos
1098 2203 1392 2290 epilogos
1420 2202 1830 2290 imposuerat.
1897 2202 2198 2292 Denique
2225 2206 2384 2293 Epi-

317 2305 522 2386 curei,
550 2306 661 2371 etfi
688 2305 935 2371 fabulas
964 2305 1046 2370 de
1075 2303 1293 2369 inferis
1320 2303 1402 2368 ad
1428 2303 1664 2369 anilem
1695 2303 2057 2370 referebant
2095 2306 2395 2392 supersti-·
2473 2319 2485 2328 “

316 2409 590 2487 tionem,
628 2412 757 2472 non
802 2421 1017 2472 tamen
1060 2406 1153 2478 ita
1174 2404 1583 2493 abjiciebant,
1609 2417 1686 2471 ut
1713 2405 1956 2472 nullam
1981 2405 2062 2472 iis
2087 2406 2388 2476 utilitatis

315 2526 567 2599 partem
612 2511 1089 2598 relinquerentg,
1136 2531 1355 2576 verum
1392 2508 1478 2575 ad
1512 2531 1624 2576 eos
1665 2531 1704 2574 a
1737 2509 1904 2575 vitiis
1947 2509 2384 2596 deterrendos,

319 2615 433 2704 qui
470 2613 657 2679 rectis
697 2612 1051 2679 rationibus
1094 2610 1255 2678 duci
1288 2636 1419 2679 non
1464 2612 1734 2700 poffent,
1764 2625 1946 2699 aptas
1987 2625 2056 2682 et
2093 2614 2388 2702 inprimis
2415 2623 2424 2632 ‘

321 2716 511 2782 utiles
564 2714 967 2802 judicabant.
1059 2716 1220 2780 Haec
1279 2714 1361 2779 de
1418 2713 1617 2779 totius
1681 2711 1882 2780 libelli
1941 2714 2399 2804 descript-ione.-

321 2817 623 2905 Singulas
658 2839 809 2882 vero
838 2815 895 2904 ej
904 2837 979 2880 us
1014 2829 1229 2902 partes
1260 2838 1411 2881 cum
1439 2839 1518 2882 ex
1547 2816 1792 2881 intimis
1823 2816 2242 2907 Philosophiae
2271 2821 2388 2888 de-

320 2918 542 2984 rivavit
596 2917 912 2998 fontibus,
971 2930 1112 2981 tum
1168 2929 1317 3004 apte
1370 2916 1745 2997 connexuit,
1789 2930 1933 2982 tum
1991 2917 2387 2988 historiarum

322 3019 650 3099 varietate,
682 3018 969 3083 versuum
998 3017 1371 3085 amoenitate
1396 3031 1468 3084 et
1493 3039 1573 3082 ex
1599 3017 1778 3084 omni
1809 3017 2240 3086 doctrinarum
2266 3046 2388 3110 ge-

322 3143 475 3187 nere
504 3119 819 3208 decerptis
846 3120 1204 3210 suaviffimis
1232 3120 1568 3208 conspersit
1593 3120 1879 3187 floribus.

408 3228 625 3315 Quare
652 3236 719 3290 et
752 3223 1024 3312 dignum
1054 3224 1492 3313 judicavimus
1516 3219 1693 3289 hunc
1719 3223 2032 3304 libellum,
2061 3225 2172 3311 qui
2206 3226 2388 3314 sepa-
2489 3223 2508 3252 ⁸

322 3326 513 3393 ratim
552 3325 765 3391 editus
803 3325 1096 3391 omnium
1132 3323 1490 3412 cognitioni
1522 3336 1794 3412 pateret,
1837 3337 1907 3390 et
1947 3322 2279 3410 idoneum,
2323 3328 2392 3395 in

324 3450 459 3516 quo
498 3425 731 3514 primas
771 3428 1007 3493 nostras
1048 3426 1207 3492 vires
1246 3426 1714 3513 doctorumque
1736 3426 2079 3492 hominum
2110 3428 2195 3494 de
2218 3429 2297 3496 iis
2326 3443 2392 3498 et

325 3529 535 3594 nostro
564 3527 821 3593 consilio
838 3527 1087 3616 judicia
1110 3527 1562 3615 experiremur.
1639 3527 1828 3614 Coepi
1850 3519 2008 3616 ergo
2029 3529 2156 3597 hoc
2175 3553 2391 3620 agere,

326 3655 479 3698 eum
520 3653 671 3697 cum
707 3629 965 3718 reliquis
1008 3629 1332 3714 Plutarchi
1368 3628 1618 3716 scriptis
1643 3630 1956 3714 conferre,
1989 3632 2268 3699 multum
2295 3637 2393 3702 le·

327 3735 547 3826 gendo
582 3733 1051 3821 relegendoque
1078 3733 1147 3798 in
1174 3755 1400 3798 eorum
1429 3731 1722 3798 notitiam
1753 3733 2104 3819 pervenire,
2132 3737 2397 3806 obscura

327 3836 669 3925 explicare,
717 3849 1019 3922 corrupta
1059 3833 1424 3916 emendare,
1471 3827 1613 3900 eain
1659 3835 1936 3922 denique
1981 3857 2130 3902 cum
2174 3837 2268 3902 iis·
2295 3840 2395 3906 fa·

328 3937 765 4004 miliaritatem
794 3937 799 3944 ’
830 3936 1231 4017 contrahere,
1290 3947 1363 4000 ut
1418 3935 1774 4002 doctrinam
1831 3936 1920 4002 ibi
1973 3937 2274 4005 traditam
2328 3941 2398 4008 in

330 4053 593 4128 promtu
634 4052 1097 4126 numeratoque
1137 4038 1468 4104 haberem.
1557 4038 1859 4125 Cumque
1893 4061 2000 4104 me
2033 4038 2210 4106 aliud
2237 4063 2398 4108 oon·

332 4140 535 4205 filium
581 4140 663 4204 ad
706 4140 1035 4206 Julianurn
1076 4139 1466 4220 traduxiffet‚
1495 4137 1588 4204 nil
1615 4152 1830 4204 tamen
1855 4138 1938 4204 de
1970 4138 2220 4208 summo
2249 4143 2398 4211 Plu-

338 4241 543 4310 tarchi
579 4241 989 4310 remittebam
1022 4241 1256 4324 studio,
1293 4241 1398 4308 sed
1433 4241 1528 4308 ita
1562 4240 1628 4306 in
1671 4263 1752 4308 eo
1793 4241 2098 4324 versabar,
2115 4279 2122 4288 ·
2137 4256 2211 4312 ut
2245 4269 2395 4316 eum
