2850 4817
624 285 741 345 m:
776 283 993 344 1811>ss
1032 283 1139 344 ET
1180 283 1531 346 osmmr..
1571 306 1630 365 p.
1657 301 1796 364 353·
1823 289 1896 348 B.
2181 308 2294 370 173

239 441 417 510 dotus
449 441 651 531 II.·'37
678 457 751 511 et
774 446 891 510 60.
942 444 1271 512 Diodorus
1298 443 1432 512 Sic.
1462 444 1520 510 1.
1549 459 1628 530 15
1659 457 1732 512 et
1753 461 1860 532 71,
1889 445 1972 514 de
1999 445 2260 537 ‘regibus
2279 474 2300 516 ε

94 579 102 587 ·
238 549 361 613 οἴνου
388 551 443 612 δὲ
470 545 679 612 τακτόν
706 575 761 613 τι
794 546 993 634 μέτρον
1027 547 1306 626 πίνοντας,
1332 551 1411 630 μὴ
1447 546 1734 629 δυνάμενον
1769 555 2085 634 πλησμονὴν
2127 551 2300 618 duat-

238 678 315 737 ρον
348 651 379 730 ἢ
414 652 576 734 μέθην
616 657 985 738 περιποιῆσαι.
1033 649 1121 715 ad
1141 663 1491 740 utrumque
1519 651 2003 741 Weffelingius.
2089 655 2298 722 Com-

156 786 161 794 ·
241 753 657 819 mentationes
688 752 1135 820 sacerdotum
1116 775 1183 818 m
1212 752 1472 839 templis
1509 767 1726 819 narrat
1769 756 2160 844 Porphyrius
2198 761 2304 826 De
2331 779 2342 790 ·

242 856 473 922 Abstin.
507 857 627 922 IV.
660 858 727 920 6.
764 878 843 920 ex
873 855 1301 921 Chaeremone
1328 853 1490 918 τόπον
1513 856 1618 938 μὶν
1643 855 1964 936 ἐξελέξαντο
1994 863 2300 950 &pempe-

242 965 397 1042 φῆσαι
435 961 515 1023 τοὶ
560 958 1117 1048 ἱερά-ἀπειπάμενοι
1169 959 1224 1022 δὲ
1271 963 1464 1023 πᾶσαν
1506 961 1603 1036 τὴν
1653 956 1832 1038 ἄλλην
1875 953 2154 1056 οργοισίοιν
2205 969 2304 1030 καὶ

244 1062 418 1148 πόρους
456 1062 805 1148 ἀνθρωπίνους
840 1063 1115 1126 ἀπέδοσαν
1156 1060 1281 1126 ἕλον
1307 1063 1399 1126 τὸν
1422 1060 1544 1142 βίον
1569 1064 1636 1148 τῇ
1663 1070 1772 1126 τῶν
1801 1049 1948 1128 θείων
1973 1064 2148 1152 Ompa'
2127 1093 2166 1130 α
2207 1071 2306 1134 καὶ

249 1164 736 1229 &sacer—&uam
771 1165 827 1228 δὲ
866 1167 991 1242 λιτὴ
1032 1164 1129 1228 καὶ
1167 1164 1393 1249 ἀφελής·
1442 1160 1578 1227 οἴνου
1620 1167 1736 1251 γὰρ
1779 1171 1828 1228 οἷ
1861 1166 1964 1249 μὲν
2001 1170 2106 1230 οὐδ’
2145 1169 2308 1252 ὅλως,

251 1272 293 1330 οἶ
327 1270 367 1330 δ’
405 1267 671 1358 ὀλίγιστα
698 1265 971 1352 ἐγεύοντο·
1016 1265 1206 1351 νεύρων
1247 1265 1554 1348 αἰτιώμενοι
1595 1265 1853 1346 βλάβας,
1897 1269 1995 1332 καὶ
2031 1270 2310 1357 πλήρωσιν

252 1351 471 1452 κεφοιλῆς
500 1369 749 1453 ἐμπόδιον
776 1373 849 1444 εἷς
878 1359 1109 1455 ὥρῃσιν·
1159 1367 1393 1455 quibus
1431 1367 1822 1455 adjungatur
1847 1370 1914 1452 ξ.
1948 1371 2016 1435 8.·
2051 1393 2120 1458 p.
2150 1393 2305 1460 319.

253 1485 311 1534 et
331 1485 597 1559 utroque
624 1471 771 1537 loco
800 1474 1041 1558 ἁγνεῖαι.

326 1591 468 1660 353.
500 1577 580 1640 B.
619 1577 691 1650 ὥς
716 1575 863 1658 alpoz
888 1583 997 1639 τῶν
1028 1573 1456 1657 πολεμησάντων
1485 1575 1618 1638 ποτὶ
1644 1578 1760 1650 τοῖς
1784 1576 2300 1666 θεοῖς-σςογὸνων]

257 1675 665 1743 Orientalium
692 1677 1049 1764 sapientum
1070 1695 1486 1742 communem
1515 1674 1910 1764 opinionem,
1937 1677 2158 1744 vinum
2184 1689 2306 1768 g'e-

258 1777 337 1841 nii
376 1780 521 1844 mali
557 1780 886 1846 inventum
930 1775 1075 1860 effe,
1112 1777 1384 1872 ostendit
1424 1778 1828 1845 Jablontkius
1873 1780 2104 1846 Panth.
2145 1782 2307 1870 AEg.

262 1881 321 1944 P.
350 1883 399 1944 Ι.
428 1905 493 1970 p.
523 1903 665 1968 131.
696 1883 873 1969 sequ.
912 1881 1187 1968 indeque
1225 1879 1638 1968 Androcydis
1673 1879 1996 1946 monitum
2024 1882 2308 1948 Alexan-

262 1982 363 2048 dro
390 1985 485 2048 M.
512 1985 741 2050 datum
771 1983 1017 2064 veniffe,
1060 1983 1333 2049 relatum
1365 1981 1570 2064 Plinio
1601 1984 1691 2047 H.
1721 1979 1811 2048 N.
1845 1985 2031 2050 XIV.
2061 2002 2096 2068 7
2122 2011 2138 2048 :
2187 1986 2310 2050 ‘Vi-

263 2111 381 2150 num
412 2101 649 2174 poturus
684 2112 813 2167 rex,
848 2101 1121 2152 memento
1163 2098 1218 2150 te
1260 2086 1446 2151 bibere
1463 2085 1829 2174 sanguinem
1872 2098 2046 2150 terrae
2064 2113 2085 2153 .·
2129 2088 2314 2154 cincta

265 2187 527 2253 hominum
573 2215 857 2254 venenum
899 2187 999 2273 est,
1044 2189 1245 2252 cicutae
1284 2189 1492 2252 vinum
1509 2212 1531 2251 .·
1587 2186 1772 2274 cujus
1822 2187 1998 2252 aliud
2050 2188 2132 2254 de
2184 2191 2314 2256 vini

267 2302 405 2374 potu
440 2290 823 2377 vituperium
865 2289 1083 2376 prodit
1128 2289 1434 2356 Clemens
1475 2287 1824 2354 Alexandr.
1869 2289 2112 2356 Strom.
2150 2293 2310 2358 VII.

267 2411 322 2474 p.
352 2393 489 2474 718.
518 2393 607 2457 D.
682 2391 923 2458 Similis
965 2392 1053 2456 est
1094 2392 1327 2475 Graeca
1362 2389 1581 2455 fabula
1619 2391 1724 2456 De
1761 2391 2156 2478 serpentibus
2197 2407 2314 2459 aut
2423 2401 2428 2406 “

269 2493 499 2558 venenis
524 2517 603 2558 ex
630 2493 959 2573 Titanum,
988 2491 1351 2580 TyphoniS,
1384 2493 1712 2580 Gorgonis
1742 2493 2083 2582 sanguine:
2119 2517 2314 2582 quam

268 2595 504 2684 attingit
528 2595 915 2663 doetiffimus
944 2595 1385 2660 Mellmannus
1428 2595 1498 2660 in
1538 2595 1978 2662 Commentat.
2006 2597 2113 2662 De
2141 2600 2314 2666 Nar-

270 2697 538 2763 rationib.
591 2699 911 2764 Mutatar.
958 2699 1171 2762 Form.
1220 2721 1285 2784 p.
1328 2717 1440 2784 33.
1529 2698 1698 2764 Item
1744 2711 2028 2786 cognata
2068 2699 2319 2766 videtur

272 2799 463 2864 fabula
482 2800 563 2864 de
584 2800 923 2864 hominum
947 2799 1207 2888 generis
1229 2823 1309 2864 ex
1330 2799 1602 2866 deorum
1628 2800 1935 2896 sanguine
1955 2815 2126 2881 ortu,
2145 2802 2318 2887 apud

271 2898 305 2964 J
310 2899 575 2966 ulianum
619 2902 875 2989 Fragm.
918 2924 983 2988 p.
1015 2921 1173 2989 292.
1201 2901 1292 2982 A,
1322 2903 1400 2966 B.
1447 2901 1689 2990 Quod
1728 2891 2038 3009 squirius
2045 2902 2323 2988 προγόνων

273 3023 565 3091 eorngere
604 3015 818 3068 tentat
855 3003 923 3068 in
962 3001 1303 3090 πηλογὸνων,
1332 3004 1511 3091 quod
1545 3005 1632 3070 est
1661 3027 1899 3070 nomen
1932 2985 2319 3090 Gigantum,

272 3101 445 3169 habet
482 3103 821 3192 quamdam
866 3104 1165 3192 speciem,
1206 3128 1325 3170 nec
1368 3119 1584 3172 tamen
1630 3119 1705 3170 ut
1747 3104 1910 3169 mihi
1946 3101 2137 3190 plane
2167 3125 2320 3190 pro-

271 3205 473 3272 betur:
518 3207 729 3295 magis
757 3209 843 3272 est
871 3207 1199 3294 poeticum
1237 3221 1305 3273 et
1340 3207 1542 3272 rarius
1583 3229 1777 3295 quam
1809 3229 1928 3293 pro
1969 3203 2161 3292 hujus
2190 3203 2321 3270 loci

274 3307 531 3390 ratione3
575 3309 817 3396 legitur
844 3310 1016 3397 apud
1048 3307 1526 3376 Callimachum
1557 3310 1650 3372 H.
1678 3308 1826 3374 Jov.
1854 3327 1919 3393 3.
1992 3305 2323 3394 Hesychio

272 3411 597 3498 Πηλᾶγονες·
642 3411 913 3500 γέροντες·
962 3412 1135 3478 retae
1163 3412 1388 3476 volunt
1421 3417 1510 3476 Π.
1539 3409 1826 3496 γίγαντες·
1873 3409 1982 3474 sed
2011 3421 2080 3474 et
2108 3413 2322 3486 Πηλα-

272 3511 423 3594 γὸνοι,
454 3514 550 3578 vel
579 3518 907 3599 Πηλαγενεῒ
904 3541 929 3590 ς
962 3513 1419 3600 requirebatur.
1477 3512 1740 3578 Malim
1783 3517 1853 3576 Γ
1838 3508 2085 3597 ι’γάντων
2115 3511 2326 3576 nostro

274 3609 329 3674 in
364 3613 503 3680 loco
531 3615 630 3681 vel
653 3621 930 3700 Γηγενῶν,
974 3627 1089 3679 aut
1129 3613 1344 3694 aliud3
1391 3613 1501 3678 nifi
1529 3613 1696 3712 forte
1728 3612 2112 3678 Plutarchus
2137 3611 2322 3698 cogi·

276 3716 479 3782 taverit
515 3719 708 3798 πηλὸν,
748 3717 873 3784 vini
910 3733 1303 3804 cognomen,
1332 3717 1417 3781 de
1451 3737 1584 3805 quo
1624 3715 1880 3782 monuit
1909 3714 2328 3781 Casaubonus
2435 3716 2439 3720 ’

273 3817 345 3882 ad
385 3819 622 3884 Athen.
670 3841 735 3906 p.
767 3820 917 3884 661.
1004 3817 1295 3905 Toupius
1333 3818 1610 3884 Emend.
1655 3817 2228 3882 Suid.11.66.ut
2254 3837 2331 3880 ea

278 3922 710 3986 communione
739 3921 849 3985 fibi
878 3919 1040 3985 illud
1067 3919 1384 4006 πηλογόνων
1410 3918 1768 4008 persuaderi
1795 3930 2144 4006 pateretur.
2224 3919 2334 3982 De

279 4018 383 4104 diis
423 4046 497 4088 ex
539 4021 1086 4110 Gigantomachia
1120 4021 1185 4086 in
1226 4023 1594 4110 AEgyptum
1633 4019 2029 4108 fugientibus
2063 4017 2331 4086 affumta

280 4123 626 4202 animalium
658 4124 872 4212 specie
898 4123 1134 4188 dicitur
1160 4145 1230 4210 p.
1250 4139 1403 4208 357.
1435 4125 1522 4192 A.
1596 4121 1887 4188 Luciano
1912 4122 2017 4210 De
2047 4118 2330 4185 Sacrific.

279 4226 346 4289 T.
388 4230 437 4292 I.
478 4251 545 4314 p.
574 4230 727 4314 538.
770 4241 838 4292 et
878 4226 1257 4314 pervulgata
1298 4225 1537 4290 fabula.
1626 4223 1878 4312 Hygin.
1920 4221 2106 4288 Praef.
2139 4221 2329 4287 Ovid.

279 4323 429 4394 Met.
451 4333 534 4411 V.
582 4331 738 4396 Fast.
767 4332 820 4394 Ι.
867 4329 1121 4396 Servius
1147 4328 1229 4394 ad
1259 4329 1412 4394 AEn.
1443 4322 1566 4391 ΙΙΙ.
1589 4329 1740 4413 578.
1811 4326 2010 4392 Diod.
2042 4327 2114 4391 S.
2139 4327 2194 4388 Ι.
2221 4323 2329 4388 86.
