2850 4817
539 416 650 477 172
812 397 893 456 D.
930 397 1031 454 W.
1074 395 1471 478 ANlMADv.
1515 395 1605 454 IN
1629 393 2114 455 .PLUTARCHI
2157 395 2315 456 LIB.

614 579 652 645 3
658 571 767 644 52.
795 559 868 622 F.
912 556 1037 631 τοὺς
1062 553 1211 630 ἅλας
1240 559 1293 618 ἐν
1317 558 1445 630 ταῖς
1465 554 1715 640 ἁγνείαις
1741 555 2022 642 ἀφαιρεῖν]
2068 555 2250 624 Idem
2279 553 2421 622 aliie
2447 554 2600 619 locis

528 660 789 748 aliisque
819 657 1177 724 rationibus
1206 657 1445 744 prodit.
1475 679 1543 743 p.
1568 659 1721 743 363.
1753 657 1829 720 Ε.
1885 656 2180 744 Sympos.
2208 657 2332 721 VI.
2365 677 2432 743 Ρ.
2455 657 2596 742 685.

530 765 619 828 A.
675 763 868 827 VIII.
898 782 966 846 p.
998 775 1149 846 729.
1179 761 1265 823 A.
1298 781 1460 846 quos
1490 758 1721 824 tractat
1748 757 2152 824 Jablonsstius
2183 759 2415 823 Panth.
2448 760 2598 846 AEg.

533 867 662 931 III.
689 866 794 928 81.
825 863 1018 928 salem
1047 861 1311 928 soffilem
1342 860 1688 948 excipienS,
1719 859 1978 926 auctore
2009 859 2282 926 Arriano
2309 860 2599 948 Expedit.

528 966 720 1031 Alex.
754 964 878 1030 III.
906 985 973 1047 4,
1009 965 1072 1029 8.

614 1084 768 1155 352.
808 1070 880 1133 F.
928 1065 1373 1154 Ἀρισταγόρας]
1428 1065 1969 1154 AEgyptiacorum
2013 1063 2314 1150 scriptor:
2359 1063 2439 1129 de
2477 1086 2598 1152 quo

531 1172 675 1238 vide
701 1171 991 1238 Voffium
1022 1169 1260 1235 Histor.
1293 1171 1410 1235 Gr.
1442 1170 1568 1234 III.
1597 1191 1665 1258 p.
1687 1187 1838 1255 332.

618 1298 684 1362 p.
708 1293 861 1360 353.
892 1275 980 1338 Α.
1024 1275 1117 1336 τὸν
1131 1269 1353 1337 Απιν’
1332 1299 1397 1336 εκ
1424 1271 1654 1358 φρέατος
1688 1271 1816 1336 ἰδίου
1844 1271 2196 1358 ποτίζειμ]
2246 1273 2344 1334 Ex
2370 1270 2594 1335 Arista-

531 1400 692 1466 gora
726 1377 1034 1456 sumtum,
1063 1388 1140 1441 ut
1176 1375 1506 1463 colligitur
1543 1398 1623 1442 ex
1649 1375 1910 1441 AEliano
1950 1377 2113 1440 Nat.
2161 1373 2440 1464 Animal.
2481 1375 2592 1438 ΧΙ.

536 1501 641 1546 10.
679 1480 862 1544 illum
908 1489 1334 1558 memorante,
1375 1491 1519 1544 tum
1557 1489 1854 1544 narrante
1897 1479 1980 1542 de
2025 1477 2209 1544 cultu
2249 1477 2497 1564 Apidis,
2533 1477 2590 1540 in

442 1669 450 1672 ἱ
532 1583 734 1670 iisque
775 1582 943 1648 hoc:
991 1582 1087 1646 ml
1128 1578 1296 1670 φςὲαρ
1328 1583 1423 1646 καὶ
1428 1583 1612 1702 “npfivn
1639 1579 1874 1665 ποτίμου
1913 1581 2178 1664 νάματος·
2222 1587 2388 1644 τοῦτο
2416 1585 2593 1667 γᾶςι
2551 1577 2599 1641 οἵ

532 1703 701 1767 φασιν
734 1691 784 1748 οἶ
820 1685 1141 1772 θεραπευταὶ
1186 1686 1281 1748 καὶ
1328 1689 1477 1772 ἶερεῖς
1505 1689 1816 1748 λυσιτελεῖν
1842 1683 1953 1762 ἀεὶ,
1981 1682 2238 1748 Νειλῶου
2263 1683 2428 1748 πίνειν
2457 1681 2593 1770 κᾷτα

532 1787 863 1865 πιαίνεσθαι,
893 1789 990 1851 καὶ
1035 1791 1111 1862 εἷς
1146 1786 1313 1872 ὄγκον
1348 1794 1575 1884 σαρκῶν
1604 1785 1750 1861 ὄντος
1779 1787 2018 1871 ἀγαθοῦ.
2065 1785 2264 1852 dictio
2290 1785 2590 1872 suspecta:

534 1888 899 1955 Gronovius
929 1888 1622 1967 ταπεινὴ-λυσιτελεῖν,
1651 1888 1786 1952 ἀλλ’
1816 1891 1862 1950 εἰ
1897 1886 2151 1952 Νειλῶου
2175 1887 2338 1967 πίνει,
2367 1884 2512 1975 κᾷτα
2535 1913 2589 1949 τ.

533 1991 923 2056 Abreschius
949 1989 1390 2056 Animadvers.
1420 1990 1715 2077 AEschyl.
1746 2013 1813 2078 p.
1843 1991 1995 2058 182.
1980 2017 1995 2032 ·
2032 1991 2594 2079 κρήνην-λυσιτελεῖν

430 2095 437 2106 '
531 2092 644 2157 ἀεί.
730 2093 983 2158 Νειλῶου
1020 2094 1076 2156 δὲ
1110 2093 1279 2157 πίνειν
1322 2119 1595 2158 καταπιαι
1581 2089 1915 2159 ίνεσθαι-εἲ
1899 2119 1943 2168 ις
1986 2092 2154 2179 ὄγκον
2189 2099 2410 2180 σαρκῶν
2453 2091 2593 2163 ὄντως

532 2193 763 2280 ἀγαθόν·
812 2196 957 2260 sane
1000 2195 1407 2282 repugnante
1448 2194 1762 2259 sententia
1803 2193 1958 2260 loci.
2045 2193 2363 2281 Equidem
2405 2192 2595 2281 priora

533 2320 665 2362 non
702 2297 1047 2363 abhorrere
1086 2308 1316 2382 putem
1344 2319 1385 2360 a
1416 2277 1554 2362 stilo
1584 2296 1870 2361 AEliani.
1918 2295 1984 2361 in
2016 2295 2348 2383 postremis
2381 2293 2593 2384 requiri

532 2400 689 2474 ἕκτος
732 2399 972 2486 ἀγαθοῦ,
1012 2411 1237 2486 praeter
1280 2399 1532 2462 bonum-⁶
1576 2397 1742 2464 vel*
1708 2425 1870 2472 οντως
1905 2397 2083 2485 ἄγαν,
2109 2423 2320 2464 revera
2343 2399 2591 2475 nimium,

535 2501 634 2567 vel
688 2515 863 2566 certe
913 2501 1110 2567 simile
1166 2501 1346 2588 quid.
1435 2503 1540 2568 De
1591 2500 1934 2567 dulcedine
1983 2515 2050 2567 et
2097 2503 2378 2568 efficacia
2429 2524 2594 2589 aquae

532 2603 675 2669 Nili
731 2603 905 2667 idem
963 2604 1089 2668 III.
1148 2622 1259 2689 33.
1317 2603 1447 2669 vid.
1503 2601 1904 2670 Jablonssdus
1954 2605 2198 2669 Panth.·
2233 2606 2390 2693 AEg.
2443 2607 2590 2670 Part.

524 2707 630 2771 II.
662 2727 727 2794 p.
760 2706 903 2770 166.
974 2705 1293 2771 Stanleius
1332 2706 1417 2772 ad
1457 2705 1749 2794 AEschyli
1791 2707 2021 2793 Suppl.
2049 2723 2202 2793 570.
2289 2708 2460 2771 Οὐδὲν
2489 2709 2590 2792 γὰρ

520 2805 675 2870 οὕτω
715 2811 847 2890 τιμὴ
890 2808 1221 2893 Αἰγυπτίοις
1260 2812 1335 2882 ὠς
1374 2812 1401 2871 ὅ
1442 2811 1671 2887 Νεῖλος,
1716 2808 2145 2874 Meziriacum
2188 2821 2256 2874 et
2293 2807 2590 2874 Reissdum

534 2909 825 2989 offendit,
862 2914 917 2974 ἐν
950 2914 1084 2998 τιμῇ
1128 2910 1564 2997 requirentes:
1611 2921 1808 2990 certe,
1853 2922 2108 2996 poterat
2149 2924 2265 2976 aut
2306 2912 2451 2991 hoc,
2491 2921 2593 2974 aut

532 3018 795 3094 τιμᾶται,
841 3011 1131 3098 scripfiffe
1176 3011 1595 3078 Plutarchus:
1653 3013 1827 3099 quod
1873 3035 2048 3078 nunc
2091 3014 2352 3102 legitur,
2399 3015 2591 3079 minus

536 3136 689 3179 cum
729 3114 920 3202 ipfius
948 3115 1261 3196 oratione,
1294 3138 1488 3203 quam
1519 3116 1782 3196 AEliani,
1817 3116 2194 3198 Philostrati,
2226 3131 2295 3183 et
2323 3117 2591 3182 similium

535 3216 896 3282 curiositate
925 3216 1250 3305 congruit.
1343 3218 1546 3284 Quod
1573 3219 1658 3283 ad
1683 3241 1818 3284 rem
1844 3219 2104 3300 attinet,
2125 3221 2360 3306 probat
2385 3219 2591 3285 harum

535 3317 757 3404 peritis
802 3317 1105 3408 Aristides
1154 3320 1336 3385 Orat.
1377 3323 1657 3409 AEgypt.
1709 3322 1819 3386 fin.
1863 3323 1943 3386 T.
1983 3322 2074 3386 II.
2117 3307 2383 3409 p.‘364:
2429 3317 2592 3408 ἔγωγέ

532 3444 665 3484 ποτε
710 3419 922 3498 ἤκουσα
962 3423 1059 3486 καὶ
1096 3420 1277 3487 ἄλλου
1312 3431 1421 3489 τῶν
1459 3450 1515 3487 τι
1554 3423 1846 3488 δοκούντων
1888 3423 2078 3490 εἰδέναι
2122 3427 2242 3512 περὶ
2284 3434 2485 3506 ταῦτα,
2523 3423 2592 3488 ὅτι

534 3523 631 3587 καὶ
670 3531 779 3588 τῶν
820 3523 1062 3608 νομίμων
1102 3528 1198 3590 καὶ
1235 3535 1345 3591 τῶν
1381 3528 1503 3614 περὶ
1534 3531 1639 3602 τὰς
1665 3533 1856 3612 ἑορτὰς
1882 3528 1978 3591 καὶ
2008 3526 2220 3608 θυσίας,
2250 3533 2324 3604 εἰς
2349 3529 2442 3593 τὸν
2475 3529 2595 3592 Νεῖ-

534 3639 632 3688 λον
661 3627 845 3700 αὐτοῖς
871 3626 1054 3706 ἀνήκει
1081 3631 1158 3692 τὰ
1184 3632 1454 3693 πλεῖστα.
1529 3628 1717 3710 Plura
1741 3628 1994 3695 Voffius
2019 3619 2125 3694 De
2159 3627 2486 3699 Idololatr.
2516 3629 2593 3692 II.

538 3741 645 3810 742
679 3742 786 3812 75·

616 3843 771 3915 353.
803 3831 891 3893 A.
936 3833 1183 3910 εὐσταλῆ
1218 3833 1315 3898 καὶ
1355 3840 1536 3916 κοῦφα
1571 3838 1695 3910 ταῖς
1735 3835 1956 3920 ψυχαῖς
1997 3837 2335 3924 περικεῖσθαι
2377 3839 2452 3900 τὰ
2491 3833 2593 3898 cai-

531 3933 721 4017 ματα]
771 3931 882 3996 Ad
908 3931 1077 3997 hanc
1106 3934 1383 4020 speciem
1424 3935 1732 4002 informat
1762 3937 1965 4004 Ofirin
1999 3939 2298 4027 Synefius
2325 3941 2428 4005 De
2459 3941 2595 4004 Pro·

532 4032 661 4097 vid.
703 4055 771 4119 p.
803 4055 909 4121 90.
947 4036 1055 4100 Dz
1104 4035 1299 4119 κοῦφόν
1336 4061 1399 4100 τε
1443 4036 1576 4103 ὄντα
1611 4042 1709 4103 καὶ
1752 4041 2223 4130 πιςιεπτισμένον,
2258 4043 2356 4106 καὶ
2386 4041 2598 4128 ἐλαφρὸν

532 4140 604 4220 τῇ
630 4135 795 4220 ψυχῇ
822 4135 1039 4223 φορτίον
1065 4138 1130 4201 τὸ
1158 4145 1331 4220 σῶμα
1353 4139 1743 4226 περικείμενον.

619 4253 773 4320 353.
803 4237 891 4316 Α,
923 4237 1001 4300 Β.
1039 4237 1205 4302 Οἶνον
1230 4231 1677 4318 ὃέ-Ὲκαταΐος
1705 4243 2015 4332 ἴστόρηκεν]
2063 4247 2232 4313 Haec
2259 4245 2442 4334 origo
2467 4240 2598 4310 usus

536 4335 667 4418 vini
693 4337 867 4422 apud
896 4336 1055 4405 alios
1080 4341 1375 4408 auciores
1411 4343 1602 4412 aliter
1631 4345 1952 4432 proditur.
2042 4348 2358 4416 Videatur
2401 4349 2594 4414 Hero-
