2850 4817
286 394 408 452 DE
446 394 839 454 FORTUNA
880 393 1439 456 ROMANORUM.
1481 416 1538 475 p.
1567 414 1706 474 3²¹·
1732 397 2012 474 D-322,
2039 399 2104 458 12.
2175 419 2280 460 ιοι

288 575 366 640 p.
396 572 553 638 321.
577 553 671 618 D.
703 554 1003 645 συνήθειαν]
1053 557 1267 637 Forte,
1296 554 1609 642 σονὸχιιαν.

191 743 195 748 ⁴
286 675 447 741 321.
480 659 559 720 Ε.
606 654 865 742 δρυάδων]
917 655 1115 721 Haud
1159 668 1399 722 temere
1435 658 1618 724 nobis
1658 657 1954 724 videmur
1981 659 2288 728 monuifl'e

192 755 456 843 ,δρυόχων
491 755 839 843 legendum
868 755 1027 821 effe:
1075 779 1203 844 qua
1231 756 1313 822 de
1338 779 1497 824 voce
1524 758 1672 825 satis
1699 759 1784 824 est
1812 759 2084 828 Ιοᾶοτεε
2109 763 2288 828 able·

202 859 381 944 gaffe
418 857 503 923 ad
541 857 915 924 Ruhnkenii
952 857 1432 926 annotationem
1466 860 1532 926 in
1565 861 1878 927 'I'imaeum
1907 864 2077 928 Voc.
2105 865 2289 954 Δρῦο-

202 984 334 1046 χοι·
365 961 625 1048 δρυόχους
653 965 707 1024 ἐν
731 959 955 1048 Τιμαίῳ
980 965 1149 1050 καλεῖ
1164 965 1243 1026 τὰ
1268 961 1634 1051 στηρῖγματα
1659 969 1755 1041 τῆς
1783 965 2122 1050 ηγνυμένης
2147 967 2286 1045 νηός.
2405 975 2412 982 “

206 1061 619 1129 Adhibeatur
666 1061 929 1129 Basilius
974 1062 1041 1128 in
1096 1063 1558 1130 Naumachicin
1607 1086 1714 1153 ap.
1767 1065 2013 1132 Fabi-ic.
2065 1068 2144 1134 Β.
2197 1070 2286 1136 G.

209 1166 405 1230 VIII.
435 1189 503 1252 p.
533 1185 680 1252 139.
708 1165 884 1231 Voff.
912 1163 1311 1252 aliquantum
1342 1165 1592 1232 accedit
1617 1165 1778 1234 dans
1803 1170 1989 1256 δρυῶν.

294 1286 451 1353 321.
481 1269 561 1331 Ε.
592 1265 830 1353 ἐπέσχε]
868 1265 1010 1352 ἔσχε
1036 1265 1193 1330 item
1221 1265 1335 1332 dat
1364 1266 1554 1333 Harl.

292 1389 447 1456 321.
475 1372 561 1435 F.·
578 1367 1500 1456 Μούλιος-Σίλων-Τελεο-ῖνος]
1535 1371 1622 1436 Et
1647 1371 1836 1436 Harl.
1869 1371 1987 1440 dat
2011 1374 2282 1453 Μοόῗλος.

209 1473 307 1535 Ex
360 1469 615 1535 historia
667 1469 829 1535 Belli
884 1469 1139 1535 Mai-fici
1191 1484 1259 1534 et
1308 1469 1532 1536 Civilis
1581 1472 1855 1561 cogniti,
1913 1475 1996 1540 C.
2051 1476 2283 1565 Papius

209 1573 515 1653 Mutilus,
562 1573 649 1660 Ω.
695 1570 1101 1659 Pompaedius
1142 1572 1297 1652 Silo,
1338 1573 1603 1641 Pontius
1628 1576 1998 1645 Telesinus.
2043 1579 2280 1646 horum

206 1688 274 1740 et
324 1675 703 1740 Plutarchus
752 1675 1047 1740 meminit
1098 1675 1171 1739 in·
1216 1676 1429 1746 Mario
1481 1699 1550 1764 p.
1593 1698 1748 1764 424.
1801 1681 1894 1746 D.
1985 1680 2164 1770 Sylla
2211 1704 2279 1771 p.

208 1780 453 1862 470·E

296 1902 362 1966 Ρ.
396 1899 547 1966 322.
580 1881 639 1945 A
651 1881 697 1978 .]
734 1879 1173 1947 conferendus
1207 1881 1632 1950 Plutarchus
1611 1905 1681 1948 m
1709 1885 1934 1950 Numa
1961 1907 2030 1972 p.
2057 1901 2164 1972 73.
2201 1885 2279 1950 A.

212 1983 288 2046 B.
334 1983 694 2071 Dionysius
728 1983 880 2048 Hal.
912 1983 998 2048 A.
1034 1983 1111 2048 R.
1145 1985 1234 2048 ΙΙ.
1266 1987 1371 2068 76.

198 2127 205 2134 ·
290 2104 449 2170 322.
476 2086 556 2150 Β.
601 2084 847 2167 πολέμου
882 2084 1085 2171 τύχην]
1135 2086 1347 2150 Immo
1386 2082 1630 2167 πολέμού
1657 2085 1830 2164 πύλην
1803 2098 1934 2151 rut
1960 2085 2024 2151 in
2057 2087 2282 2152 Numa

212 2207 276 2271 p.
307 2203 419 2273 73.
449 2188 540 2250 A.
556 2185 681 2260 ubi
708 2186 865 2252 item
892 2183 973 2250 de
996 2187 1165 2252 Jano
1192 2197 1292 2251 ter
1316 2184 1554 2251 clauso.

290 2307 447 2372 322.
481 2288 554 2350 Β.
582 2286 779 2374 Τι’του]
828 2287 1011 2352 Mez.
1040 2285 1211 2351 Τι’του
1240 2285 1523 2350 Mam-ou
1555 2298 1660 2351 ut
1653 2285 1724 2351 in
1755 2284 1910 2353 Vita
1940 2287 2180 2354 Numae
2209 2311 2278 2376 Ρ.

214 2388 443 2575 7332Α2.
477 2490 559 2556 C.
588 2497 763 2576 ἧσυχι
752 2490 831 2566 ἀς
856 2496 950 2568 τῆς
978 2495 1184 2574 Νουμᾶ
1207 2491 1656 2579 aporici-offas.
1641 2493 1690 2578 .]
1742 2489 2004 2576 εὐτυχίας
2047 2501 2281 2575 praeter

210 2591 283 2670 B,
314 2595 394 2671 E,
426 2592 535 2656 dat
564 2614 822 2680 quoque
852 2595 1031 2657 Mez.
1114 2594 1305 2658 Porro
1334 2614 1455 2678 pro
1481 2605 1694 2658 vetere
1723 2592 2108 2678 προῖστόρηται
2137 2590 2278 2658 red·

206 2693 489 2759 didimus
531 2694 954 2781 προσιστόρηται
983 2717 1061 2759 ex
1088 2697 1165 2774 E,
1194 2695 1368 2760 Voff.
1412 2693 1596 2760 Harl.
1628 2694 1784 2782 Xyl.
1830 2694 1942 2782 qui
1969 2693 2278 2760 vertendo

206 2795 358 2862 item
381 2797 708 2883 ..expreffit.
796 2797 1143 2883 Καντάβρων
1168 2797 1361 2862 etiam
1391 2797 1600 2877 habet·
1617 2797 1801 2860 Harl.
1833 2811 1900 2862 et
1931 2796 2086 2884 xyl.

190 2937 200 2954 ι
284 2917 441 2983 322.
472 2897 555 2963 C.
586 2896 891 2984 φερέπολιν]
942 2899 1091 2988 Hoc
1132 2895 1401 2984 quid'em.
1426 2897 1678 2962 Pindari
1707 2897 1828 2962 effe
1855 2896 2276 2984 intelligimus

204 3023 281 3065 ex
308 3000 615 3067 Pausania
640 3002 757 3066 IV.
779 3020 897 3085 30:
930 2998 1029 3080 ἧσε
1056 3001 1111 3063 δὸ
1142 3002 1238 3064 καὶ
1267 2998 1490 3087 ὕστερον
1517 2997 1788 3086 Πίνδαρος
1811 2997 1970 3062 ἄλλα
1997 3021 2060 3061 τε
2083 3003 2156 3072 εἷς
2181 3001 2277 3069 τὴν

203 3104 423 3190 Τύχην,
456 3105 551 3166 καὶ
582 3105 642 3182 δὴ
672 3103 767 3166 καὶ
796 3101 1075 3188 φερέπολιν
1100 3100 1432 3166 ἀνεκάλεσεν
1459 3101 1648 3180 αὐτήν.

282 3224 439 3291 322.
470 3205 551 3270 C.
568 3203 803 3284 Ἔξεστι
830 3205 885 3267 δὲ
912 3201 1165 3292 otim—q
1199 3205 1471 3269 Temere
1493 3203 1619 3267 hoc
1644 3224 1722 3267 ex
1743 3198 2272 3267 antecedentibus

204 3305 549 3392 repetitum
590 3305 785 3369 etiam
823 3305 1068 3371 notavit
1095 3305 1228 3371 Jos.
1259 3307 1596 3370 Mercerus
1640 3302 1723 3368 ad
1766 3301 2056 3368 Nonium
2089 3303 2271 3366 Mar-

203 3407 343 3471 cell.
374 3429 442 3493 p.
470 3426 615 3489 142.
646 3429 1037 3493 quamquam
1068 3407 1151 3471 ab
1178 3427 1257 3470 eo
1286 3404 1704 3484 diffenti-muS,
1744 3402 1919 3490 quod
1955 3402 2126 3468 hane
2153 3402 2274 3468 ite·
2321 3485 2346 3510 ο

202 3507 513 3572 rationem
559 3529 687 3572 non
726 3507 1007 3587 librario,
1053 3506 1159 3572 sed
1204 3506 1570 3593 PlutarchO,
1609 3506 1729 3592 q‘us
1765 3504 1940 3591 ipstus
1979 3502 2274 3568 declama·

127 3669 137 3680 ,
200 3609 364 3672 tionis
391 3609 570 3673 aliud
592 3607 1355 3694 meditamentumsacienti,
1386 3605 1632 3673 tribuit.

184 3757 189 3764 -
278 3731 433 3798 322.
464 3713 544 3792 Ε,
579 3714 649 3775 F.
694 3709 777 3777 Σε
760 3711 869 3797 ἰρβ
872 3735 927 3785 ος
964 3711 1019 3774 δε
1055 3715 1167 3774 Του
1149 3710 1522 3786 ’νλλιος-Φε
1497 3733 1650 3771 νεστε
1637 3707 1910 3792 λλα’ν--·]
1961 3655 2270 3794 Exposui-

200 3839 343 3882 mus
384 3815 470 3880 ad
520 3817 759 3904 Quaest.
808 3819 1012 3882 Rom..
1046 3813 1165 3888 λς’.
1205 3837 1273 3902 Ρ.
1316 3832 1462 3902 273.
1509 3815 1585 3878 Β.
1632 3831 1886 3896 φαινεστε
1862 3812 2034 3876 ε’λλαν
2074 3810 2219 3876 est
2202 3833 2269 3875 m

198 3923 273 3985 E.
304 3931 372 3984 et
401 3919 594 3984 Harl.

180 4061 189 4072 ·
277 4041 434 4109 322.
474 4025 547 4086 F.
588 4021 1674 4106 ΠΡῙΜῙΓΕΝΕῙΑΣ-πρωτογονοῦν]
1723 4019 2079 4084 Αυὲὶοτθπι
2117 4015 2270 4081 scri·—

199 4124 367 4209 pfifl‘e
410 4123 757 4211 πρωτογόνου
787 4124 1111 4190 verifimile
1138 4125 1245 4190 est.
1332 4125 1438 4189 De
1471 4123 1728 4187 Fortuna
1754 4118 2124 4206 Primigenia
2153 4117 2269 4183 Ci-

200 4248 342 4293 cero
385 4230 575 4315 Logc
603 4229 693 4292 II.
742 4219 843 4292 io·
918 4226 1131 4292 Livius
1173 4228 1489 4308 XXXIV.
1524 4239 1633 4311 53.
1673 4222 1789 4290 ubi
1825 4221 2008 4309 plura
2033 4219 2272 4290 docent

1185 4349 1303 4414 ΗΒ
